3300 4984
1475 351 1888 420 —90—

557 527 654 595 dis
695 530 884 612 plane
925 529 1220 610 neglecta
1263 533 1394 608 est,
1446 528 1763 610 ‚colligere
1807 529 1977 609 licet,
2042 529 2349 596 sermonis
2405 528 2777 596 facilitatem

560 650 751 726 atque
797 645 1076 726 vigorem
1121 643 1373 710 efficere
1427 642 1747 709 studuisse
1791 644 2173 710 Terentium.
2267 645 2474 726 Atque
2519 644 2783 710 eandem
2884 644 2888 648 ’

560 756 804 824 dicendi
869 759 1181 824 rationem
1245 757 1412 840 apud
1477 776 1695 823 omnes
1756 758 2033 824 omnium
2096 765 2380 826 aetatum
2443 759 2783 842 scriptores

560 871 788 938 latinos
832 879 1185 952 occurrere,
1227 872 1580 954 praeterire
1621 871 1771 937 mihi
1814 870 2044 937 licebit.

724 985 1103 1065 Priusquam
1147 984 1332 1050 huius
1375 985 1578 1066 partis
1620 986 2165 1052 commentationis
2218 985 2406 1050 finem
2460 985 2781 1064 faciamus,

559 1104 767 1164 restat
807 1104 880 1164 ut
919 1097 1287 1164 afferamus:

891 1211 1090 1276 Andr.
1139 1213 1260 1277 110
1301 1230 1435 1294 sqq.
1481 1211 1600 1277 Hic
1641 1229 1876 1292 parvae
1920 1209 2390 1277 consuetudinis

980 1327 1188 1394 Causa
1228 1326 1416 1393 huius
1457 1332 1729 1392 mortem
1773 1331 1905 1392 tam
1952 1324 2083 1408 fert
2124 1325 2549 1393 familiariter:

979 1439 1143 1520 Quid
1188 1440 1241 1506 si
1283 1440 1419 1522 ipse
1462 1438 1791 1506 amasset?
1834 1439 1983 1521 quid
2022 1438 2125 1503 hic
2155 1437 2305 1505 mihi
2334 1437 2527 1505 faciet
2566 1438 2781 1520 patri?

556 1557 763 1637 Prope
805 1555 1052 1621 accedit
1091 1555 1194 1621 hic
1234 1555 1408 1621 locus
1449 1552 1531 1620 ad
1574 1573 1650 1620 ea
1707 1555 2021 1637 exempla,
2086 1571 2249 1635 quae
2310 1552 2392 1618 ad
2445 1571 2780 1635 argumen-

555 1671 862 1738 tationem
908 1690 985 1737 ex
1027 1669 1344 1736 contrario
1367 1671 1692 1753 pertinere
1720 1669 2098 1736 iudicantur.
2187 1668 2389 1747 Quam
2419 1686 2459 1733 a
2480 1670 2779 1736 Cicerone

557 1786 923 1867 saepissime
982 1792 1373 1866 usurpatam„
1400 1784 1481 1850 ad
1542 1785 1877 1866 parataxin
1934 1782 2348 1849 revocandam
2409 1801 2549 1850 esse
2604 1783 2781 1848 Kiih-

554 1917 710 1965 nero
735 1905 994 1966 auctore
1011 1901 1063 1984 ²)
1093 1899 1501 1966 affirmamus».
1588 1899 2076 1966 Enuntiatorum
2106 1899 2273 1964 enim
2292 1899 2585 1979 alterum,
2615 1895 2780 1980 quod

555 2013 896 2094 antecedit,
939 2015 1130 2081 alteri
1169 2020 1383 2080 mente
1428 2012 1932 2095 subiungendum
1974 2018 2093 2080 est.

705 2126 957 2208 Quodsi
1026 2128 1314 2210 exempla
1382 2127 1705 2210 parataxis
1775 2126 2216 2194 consecutivae
2282 2132 2352 2193 et
2414 2127 2685 2194 causalis
2740 2146 2781 2193 a

555 2241 1063 2308 Weissenbornio
1107 2259 1184 2308 ex
1224 2241 1436 2308 Plauti
1488 2239 1719 2307 fabulis
1775 2239 2044 2306 'collecta
2098 2241 2193 2326 eis
2249 2240 2401 2308 locis
2457 2259 2781 2324 compara-

553 2356 797 2434 bimus„
819 2374 976 2438 quos
1018 2374 1132 2424 nos
1174 2356 1522 2437 attulimus,
1567 2354 2033 2438 intellegemus,
2086 2356 2345 2422 Terenti
2375 2374 2557 2422 usum
2586 2357 2780 2423 etiam

554 2470 620 2536 in
661 2470 778 2537 hoc
819 2488 1055 2552 genere
1098 2468 1346 2536 dicendi
1386 2469 1771 2536 simillimum
1813 2487 1955 2534 esse
1996 2469 2169 2535 illius
2211 2474 2436 2551 poetae
2480 2469 2772 2536 sermoni.

551 2583 643 2650 Ut
684 2582 854 2666 apud
895 2583 1193 2650 Plautum
1239 2582 1459 2648 itidem
1515 2580 1685 2666 apud
1736 2582 2105 2648 Terentium
2164 2583 2479 2665 particula
2537 2583 2665 2664 ,ita‘
2710 2588 2776 2649 et

553 2698 880 2764 enuntiato
923 2695 1328 2763 antecedenti
1369 2696 1660 2776 adicitur,
1714 2701 1788 2762 ut
1836 2713 1929 2778 ea,
1985 2714 2146 2777 quae
2188 2703 2559 2778 sequuntur,
2619 2695 2776 2764 indi-

551 2816 677 2896 cet,
705 2817 790 2892 ‚et
828 2810 896 2876 in
939 2811 1437 2894 epiphonematis
1479 2809 1644 2892 quod
1688 2809 1919 2876 dicitur
1961 2809 2163 2892 figura
2207 2811 2535 2884 enuntiato
2562 2817 2772 2893 poste-

549 2925 702 2991 riori
739 2925 1196 3008 praemittitur,
1240 2932 1315 2992 ut
1358 2924 1708 3008 particulae
1745 2925 2015 2992 causalis
2062 2925 2196 2992 loco
2238 2925 2417 3008 fungi
2459 2926 2772 2993 videatur.

551 3038 789 3106 Eodem
834 3038 1017 3105 modo
1057 3038 1224 3121 apud
1269 3039 1633 3106 Terentium
1680 3039 1994 3121 particula
2038 3037 2233 3120 ,adeo‘
2279 3041 2485 3123 posita
2529 3047 2648 3122 est,
2696 3060 2773 3107 ex

547 3151 774 3236 Plauto
821 3152 1031 3218 nullus
1072 3152 1259 3219 huius
1301 3153 1469 3220 modi
1512 3152 1687 3220 locus
1728 3153 1995 3220 affertur
2014 3153 2089 3238 ²).
2177 3154 2317 3234 ,Sic‘
2358 3154 2441 3220 ad
2483 3155 2771 3224 enuntia·

547 3270 686 3332 tum
727 3283 998 3348 sequens
1040 3271 1336 3347 spectare
1389 3273 1455 3333 et
1498 3264 1667 3349 apud
1708 3266 2007 3333 Plautum
2064 3272 2130 3332 et
2182 3266 2349 3350 apud
2402 3269 2771 3336 Terentium

546 3376 854 3459 videmus,
895 3379 961 3444 in
1005 3379 1486 3461 epiphonemate
1530 3379 1698 3460 apud
1721 3369 2090 3446 Terentium
2111 3399 2234 3448 non
2256 3382 2550 3463 occurrit,
2594 3383 2770 3451 illum

549 3511 743 3564 unum
783 3510 864 3558 ex
908 3492 1132 3559 Plauto
1178 3492 1446 3560 allatum
1504 3493 1711 3559 locum
1766 3493 2021 3576 (Pseud.
2072 3493 2259 3578 1129)
2314 3495 2571 3563 Braune
2629 3514 2770 3563 cum

547 3606 687 3673 aliis
750 3605 1135 3689 proscripsit.
1223 3605 1530 3672 Similiter
1587 3606 1728 3686 ,hic‘
1787 3625 2131 3689 pronomen
2191 3608 2520 3676 enuntiato
2573 3609 2769 3691 priori

547 3721 822 3804 additur,
867 3739 1178 3804 nusquam
1219 3726 1434 3788 autem
1477 3721 1541 3786 in
1565 3721 2046 3804 epiphonemate
2077 3723 2347 3806 ponitur.
2396 3723 2768 3794 Pronomina

547 3837 643 3924 ,is‘
686 3842 754 3904 et
801 3839 1058 3918 ,tantus‘
1123 3855 1246 3902 non
1295 3837 1563 3903 inveniri
1614 3836 1781 3919 apud
1838 3838 2207 3905 Terentium
2262 3839 2355 3905 ita
2407 3838 2631 3921 posita,
2695 3844 2769 3905 ut

547 3951 874 4044 enuntiato
918 3950 1122 4018 altero
1162 3950 1462 4033 primario
1504 3951 1919 4033 explicentur,
1964 3953 2139 4018 casui
2179 3951 2583 4019 tribuendum
2626 3970 2767 4022 esse

690 4221 746 4285 1)
784 4219 1014 4276 Kiihner
1049 4219 1110 4275 Π
1147 4220 1252 4277 762
1289 4220 1358 4275 cf.
1398 4235 1452 4290 p.
1491 4219 1613 4277 741.
1668 4220 1741 4276 cf.
1779 4219 1952 4277 etiam
1988 4220 2243 4291 Draeger
2278 4219 2330 4290 S.
2369 4219 2493 4286 354,
2528 4218 2580 4288 3,
2619 4218 2670 4274 b.
2706 4225 2765 4273 et

545 4322 800 4393 Seyffert,
837 4323 1015 4381 Schol.
1053 4324 1184 4379 Lat.
1221 4323 1251 4378 I
1289 4323 1338 4393 S.
1379 4323 1466 4380 57.
2496 4349 2504 4354 ·

686 4427 742 4502 2)
783 4425 852 4484 cf.
888 4425 1136 4500 Langen,
1175 4427 1212 4483 1.
1235 4427 1289 4499 Al.
1325 4443 1378 4498 p.
1417 4427 1523 4482 139
1558 4443 1677 4498 sqq.
