3300 4984
1514 411 2019 475 -36-.-.

1038 590 1350 672 Principio
1392 594 1466 684 ut
1506 607 1588 655 ne
1630 588 1825 655 ducas
1849 589 1922 672 ²).

955 706 1115 772 Eun.
1158 706 1300 771 562.
1343 703 1550 769 Narra
1589 702 1756 770 istuc
1797 720 2031 786 quaeso
2086 702 2238 786 quid
2291 704 2393 770 sit.
2480 702 2591 770 Ch.
2634 702 2832 767 Immo

1360 835 1475 899 ego
1516 824 1584 884 te
1625 816 1887 884 obsecro
1928 817 2145 884 hercle
2187 821 2263 885 ut
2303 817 2525 884 audias
2537 817 2612 899 2).

779 932 1130 1000 Pronomen
1170 931 1736 998 demonstrativum
1777 931 1930 1012 ‚hoc‘
1975 930 2168 997 verbo
2211 930 2513 997 adicitur:

944 1046 1140 1113 Andr.
1188 1048 1327 1114 899.
1372 1046 1507 1113 Hoc
1550 1044 1732 1112 modo
1774 1051 1841 1112 te
1884 1045 2162 1127 obsecre,
2204 1050 2385 1112 utne
2416 1044 2639 1112 credas
2662 1062 2703 1109 a
2727 1062 2831 1109 me

1759 1159 2123 1242 adlegatum
2172 1159 2338 1226 hunc
2380 1177 2619 1226 senem.

782 1277 993 1344 Etiam
1032 1277 1393 1358 fragmenta
1435 1274 1807 1341 comicorum
1862 1294 2057 1341 unum
2102 1275 2453 1358 exemplum
2504 1272 2833 1357 praebent,

617 1392 723 1459 ubi
766 1391 1114 1468 coniunctio
1157 1394 1266 1472 ,ut‘
1311 1389 1570 1456 verbum
1618 1388 1912 1469 ,obsecro‘
1954 1389 2267 1473 sequitur:
2489 1397 2501 1408 ’

951 1504 1138 1572 Titin.
1185 1506 1265 1569 32
1310 1523 1402 1587 sq.
1455 1502 1667 1569 Tiberi
1706 1522 1870 1569 nunc
1914 1508 2124 1571 tecum
2163 1503 2440 1586 obsecro,

1042 1619 1133 1684 Ut
1173 1617 1325 1683 mihi
1368 1616 1721 1698 subveniaS,
1765 1636 1847 1684 ne
1889 1636 2006 1699 ego
2047 1618 2291 1685 maialis
2331 1617 2505 1684 fuam
2521 1621 2591 1697 ³).

785 1750 1204 1832 Repperimus
1244 1749 1439 1830 igitur
1483 1748 1742 1815 verbum
1790 1749 2086 1831 ,obsecro‘
2129 1757 2204 1818 ut
2246 1751 2521 1835 ,quaeso‘
2565 1749 2836 1833 impera-

620 1866 766 1933 tivis
808 1872 875 1931 et
917 1864 1323 1931 coniunctivis
1363 1864 1587 1931 solutis
1627 1865 1946 1931 adiectum
1995 1866 2121 1931 vim
2174 1866 2635 1933 exhortativam
2678 1885 2833 1948 prae

619 1995 691 2046 se
731 1979 922 2046 ferre.
1005 1978 1128 2046 Ubi
1169 1985 1384 2046 autem
1423 1981 1761 2060 genuinam
1817 1979 1991 2046 verbi
2047 1981 2174 2047 vim
2229 1987 2419 2064 poeta
2476 1980 2689 2047 efferri
2734 2001 2838 2047 vo-

617 2095 740 2162 luit
781 2093 1025 2161 obiecto
1064 2099 1171 2176 ,te‘
1216 2093 1597 2176 praeposito,
1639 2095 2095 2176 paratacticam
2134 2075 2525 2162 structuram
2567 2115 2711 2161 eum
2736 2114 2837 2162 re-

610 2209 878 2292 tliquisse
923 2208 1210 2289 exempla
1253 2212 1572 2295 pestremo
1613 2206 1810 2274 allata
1851 2213 2191 2277 testantur.
2279 2211 2489 2292 Atque
2546 2208 2664 2275 hoc
2707 2227 2838 2275 mo-

619 2321 897 2388 nendum
961 2328 1078 2405 est,
1151 2321 1412 2388 verbum
1478 2320 1773 2403 ,obsecro‘
1837 2323 2029 2389 etiam
2084 2323 2370 2407 apposito
2432 2323 2674 2390 obiecto
2720 2325 2839 2406 (te)

620 2438 1008 2523 structuram
1050 2436 1502 2516 paratacticam
1525 2434 1800 2517 efficere,
1843 2437 1897 2502 si
1939 2435 2254 2503 obiectum
2297 2436 2489 2504 verbo
2531 2439 2839 2520 postposi-

618 2553 756 2616 tum
800 2554 919 2615 est.
1005 2548 1138 2615 Illis
1181 2553 1394 2615 autem
1436 2548 1607 2630 lociS,
1662 2549 1885 2632 quibus
1926 2550 2240 2618 obiectum
2284 2552 2623 2634 antecedit,
2666 2552 2834 2635 apud

616 2663 987 2732 Terentium
1028 2662 1280 2747 quidem
1324 2664 1722 2730 enuntiatum
1763 2665 2207 2733 secundarium
2244 2666 2677 2734 coniunctione
2718 2671 2831 2748 ,ut‘

618 2797 922 2846 conexum
961 2779 1269 2861 sequitur,
1340 2777 1633 2844 similiter
1696 2783 1888 2862 atque
1954 2799 2030 2845 ex
2091 2779 2283 2846 verbo
2348 2783 2625 2865 ,quaeso‘
2688 2797 2829 2846 cum

619 2894 975 2962 accusativo
1004 2893 1194 2975 ,deos‘
1224 2893 1552 2960 coniuncto
1582 2895 1977 2960 enuntiatum
2007 2894 2443 2962 secundarium
2471 2895 2829 2979 dependere

619 3009 801 3076 solet.
886 3009 1111 3092 Itaque
1155 3009 1348 3074 etiam
1387 3008 1592 3074 locum
1629 3008 1812 3074 illum
1853 3007 2186 3075 obscurum
2226 3009 2291 3074 in
2335 3008 2566 3076 Heaut.
2609 3028 2667 3077 v,
2710 3011 2834 3074 644

621 3141 754 3207 sqq.
803 3127 1157 3190 exstantem
1197 3121 1290 3188 ita
1334 3140 1472 3188 esse
1517 3123 1954 3205 explicandum
1996 3141 2241 3204 censeo,
2284 3129 2359 3189 ut
2402 3140 2478 3188 ex
2518 3121 2835 3190 locutione

623 3239 759 3320 ‘,hoc
799 3242 868 3304 te
909 3235 1186 3304 obsecro‘
1229 3236 1578 3303 coniunctio
1623 3239 1734 3318 ,ut‘
1782 3237 1872 3320 (in
1914 3257 1971 3303 v.
2014 3237 2163 3321 646)
2208 3236 2514 3321 pendeat:

871 3353 1070 3434 ‚Nunc
1110 3352 1228 3417 hoc
1270 3357 1338 3418 te
1380 3350 1657 3429 obsecre,

833 3467 1082 3548 Quanto
1122 3471 1268 3533 tuos
1307 3470 1408 3533 est
1445 3467 1691 3533 animus
1728 3471 1884 3534 natu
1924 3466 2191 3549 gravior,
2230 3457 2673 3548 ignoscentior,

834 3582 924 3648 Ut
965 3599 1147 3647 meae
1183 3580 1496 3648 stultitiae
1533 3580 1601 3646 in
1641 3580 1889 3648 iustitia
1929 3586 2043 3649 tua
2082 3581 2168 3647 sit
2208 3578 2445 3663 aliquid
2486 3579 2806 3663 praesidi.‘

626 3699 896 3764 Pravam
955 3697 1151 3778 igitur
1216 3702 1370 3778 puto
1430 3695 1835 3762 Dziatzkonis
1899 3695 2400 3763 emendationem
2416 3745 2432 3776 ,
2521 3694 2630 3778 qui
2690 3713 2835 3760 cum

769 3978 826 4046 1)
861 3975 1207 4034 Particulam
1242 3974 1634 4046 prohibitivam
1672 3975 1777 4043 ,ne‘
1834 3971 2205 4031 coniunctioni
2258 3973 2360 4039 ,ut‘
2398 3970 2676 4028 adiectam
2712 3987 2839 4030 esse

625 4081 716 4140 hic
749 4096 972 4138 monere
1005 4095 1117 4136 non
1154 4076 1476 4134 omittimus

767 4181 1188 4253 2)‹F1eekeisen
1222 4187 1290 4238 ut
1327 4181 1478 4236 codd.
1518 4179 1813 4237 lectionem
1852 4178 1995 4249 ,siet‘
2032 4175 2090 4232 in
2126 4175 2228 4230 hoc
2246 4190 2409 4231 versu
2428 4178 2696 4245 servaret,
2734 4191 2837 4245 pro

626 4287 888 4362 ‚obsecro‘
931 4300 1058 4355 ,oro·
1097 4284 1320 4354 scripsit
1334 4300 1350 4354 ς
1385 4284 1484 4340 sed
1520 4283 1675 4338 illam
1710 4282 1912 4339 falsam
1948 4295 2069 4336 esse
2105 4278 2216 4334 iam
2254 4277 2457 4334 dudum
2495 4276 2839 4336 demonstra-

625 4398 748 4450 tum
784 4395 900 4458 est3
941 4387 1012 4444 cf.
1049 4386 1426 4459 Engelbrecht
1463 4385 1572 4457 lul·
1609 4401 1664 4454 p.
1700 4384 1790 4441 51.

771 4497 829 4570 3)
867 4496 936 4553 de
970 4493 1249 4555 locntione
1285 4497 1488 4561 ,tecum
1524 4491 1767 4548 obsecro‘
1803 4507 1855 4550 v.
1892 4489 2096 4548 Holtze
2130 4485 2175 4546 1.
2212 4484 2299 4546 9¹7.
