3300 4984
1467 389 1883 454 ...56-

721 572 848 640 Sed
889 573 956 639 in
994 574 1094 640 his
1135 572 1386 656 'quoque
1424 571 1727 652 exemplis
1771 573 2019 636 tantum
2062 569 2264 651 abest,
2334 572 2408 635 ut
2448 566 2780 651 parataxin

556 688 808 754 finalem
845 706 1181 755 occurrere
1223 692 1597 760 statuamus,
1643 690 1717 751 ut
1746 685 2055 766 Draegeri
2101 683 2457 749 sententiae
2487 681 2783 748 assentiri

557 822 683 870 non
725 801 1101 882 dubitemus,
1161 818 1351 883 quam
1394 800 1474 884 (ἓ.
1519 801 1663 878 311,
1710 801 1788 863 19
1830 818 1891 880 p.
1936 799 2071 877 302)
2127 797 2225 863 his
2278 796 2487 863 verbis
2541 795 2779 862 refert:

559 916 728 998 ,will
769 935 916 982 man
958 916 1112 982 aber
1153 934 1224 981 so
1269 913 1514 981 iiberall
1559 913 1961 995 supponiren‚
2014 930 2141 976 was
2183 910 2526 993 moglicher
2568 909 2781 976 Weise

557 1036 722 1098 statt
765 1030 878 1096 des
919 1030 1317 1112 copulativen
1343 1028 1563 1095 Satzes
1593 1027 1869 1110 gedacht
1890 1025 2142 1092 werden
2183 1025 2407 1106 kann,
2451 1043 2521 1090 so
2542 1013 2795 1090 kommt'

557 1164 707 1211 man
750 1143 942 1210 dahin
985 1163 1064 1209 zu
1105 1143 1399 1225 glauben,
1441 1144 1588 1210 dass
1631 1141 1831 1208 durch
1878 1144 1983 1221 ,et‘
2026 1141 2188 1206 auch
2232 1139 2395 1205 wohl
2416 1139 2533 1206 'ein
2559 1138 2781 1206 finales

559 1264 671 1340 ,ut‘
713 1261 1045 1325 vertreten
1087 1259 1340 1324 werden
1383 1256 1566 1323 diirfe
1615 1309 1628 1322 .
1665 1308 1677 1320 .
1711 1307 1727 1322 .
1764 1309 1775 1324 .
1820 1256 1908 1320 Es
1950 1255 2166 1320 wurde
2209 1253 2491 1343 offenbar
2532 1273 2612 1320 zu
2635 1253 2781 1320 weit

556 1373 805 1454 fiihren,
846 1373 960 1439 auf
999 1371 1402 1456 dergleichen
1447 1371 1913 1451 Erklarungen,
1969 1388 2051 1435 an
2095 1369 2331 1444 welche
2375 1369 2475 1435 die
2518 1367 2779 1436 Schrift-

557 1485 781 1553 steller
823 1487 1001 1553 nicht
1030 1485 1303 1568 gedacht
1324 1484 1550 1566 haben,
1580 1485 1796 1578 *naher
1820 1482 2247 1566 einzugehen‘.
2278 1533 2300 1558 .
2333 1482 2780 1550 Weissenborn

555 1600 693 1684 ipse
737 1601 870 1667 eius
912 1601 1078 1668 modi
1124 1601 1412 1682 exempla
1451 1600 1592 1665 iure
1635 1599 2029 1679 Draegerum
2072 1599 2369 1665 reiecisse
2424 1596 2538 1664 sibi
2584 1598 2781 1664 videri

558 1713 868 1798 aff1rmat3
940 1713 1053 1780 sed
1112 1714 1273 1779 hanc
1326 1717 1715 1779 structuram
1758 1731 2021 1795 prorsus
2059 1731 2095 1776 e
2136 1711 2329 1778 rebus
2372 1712 2673 1778 scaenicis
2715 1717 2781 1777 et

557 1828 872 1896 cotidiano
913 1846 1203 1893 sermone
1248 1827 1516 1908 petitam
1563 1845 1703 1892 esse
1750 1826 1921 1893 dicit.
2008 1825 2137 1892 Nos
2182 1825 2434 1908 quidem
2458 1825 2612 1891 nihil
2643 1844 2781 1892 esse

556 1947 875 2025 putamus,
920 1960 1032 2007 cur
1073 1941 1189 2006 hoc
1231 1940 1641 2007 statuendum
1686 1939 1791 2020 sit,
1843 1939 2033 2006 immo
2076 1938 2509 2006 contendimus
2552 1955 2633 2004 ne
2677 1959 2780 2006 ur-

556 2056 720 2123 bano
762 2055 1013 2137 quidem
1055 2073 1344 2120 sermone
1385 2054 1567 2120 illud‘
1583 2070 1783 2136 genus
1829 2053 2078 2119 dicendi
2120 2054 2393 2119 alienum
2441 2053 2652 2120 fuisse.

723 2170 898 2235 Duos
939 2153 1348 2250 imperativos
1389 2186 1505 2251 per
1562 2168 1912 2252 asyndeton
1971 2170 2116 2250 poni
2160 2187 2199 2233 a
2238 2167 2649 2250 scriptoribus
2690 2169 2780 2233 la-

555 2283 707 2349 tinis
748 2283 1037 2365 Draeger
1080 2283 1159 2366 (g.
1204 2285 1344 2364 311,
1396 2285 1499 2366 17)
1542 2282 1821 2348 affirmat
1840 2281 1929 2367 ι);
1974 2287 2086 2348 sed
2129 2282 2209 2348 ab
2245 2282 2361 2349 hac
2390 2283 2533 2365 lege
2561 2288 2783 2366 poetas

558 2397 827 2466 comicos
868 2397 1191 2464 interdum
1239 2398 1544 2464 recedere
1602 2397 1799 2464 adicit
1862 2402 1931 2462 et
1984 2417 2059 2464 ex
2120 2397 2331 2465 Plauti
2388 2397 2616 2465 fabulis
2672 2399 2782 2462 illa

554 2529 750 2593 supra
791 2510 1052 2577 laudata
1092 2510 1560 2592 dissertatione,
1604 2529 1793 2593 quam
1834 2511 2049 2577 Ballas
2092 2511 2361 2594 scripsit.
2416 2530 2567 2578 usus
2610 2530 2773 2590 com-

554 2625 773 2708 plures
815 2627 982 2691 locos
1023 2625 1146 2692 huc
1188 2626 1583 2708 pertinentes
1626 2625 1961 2707 congessit.

719 2740 794 2805 In
856 2740 1117 2806 Terenti
1174 2739 1402 2806 fabulis
1465 2741 1636 2806 idem
1701 2740 2003 2806 occurrit
2032 2745 2225 2822 atque
2282 2694 2471 2807 eundi
2522 2741 2773 2824 quidem

553 2851 731 2918 verbi
769 2853 1182 2936 imperativus
1227 2872 1370 2919 cum
1414 2855 1620 2920 altero
1664 2853 2037 2934 imperativo
2074 2852 2391 2935 particula
2420 2853 2775 2935 copulativa

557 2967 923 3034 coniunctus
966 2973 1067 3034 est
1105 2968 1204 3034 his
1248 2968 1426 3034 locis:

890 3082 1084 3149 Andr.
1126 3085 1267 3148 255.
1312 3081 1433 3148 Abi
1475 3081 1601 3148 cito
1643 3101 1718 3148 ac
1759 3029 2071 3163 suspende
2113 3086 2201 3147 te.

889 3193 1084 3263 Andr.
1127 3197 1250 3262 992
1323 3195 1459 3279 (alt.
1505 3214 1600 3260 ex.
1646 3194 1776 3278 11).
1850 3194 1968 3261 Abi
1990 3198 2041 3273 2)
2106 3198 2299 3277 atque
2360 3213 2479 3278 age
2540 3195 2776 3262 homini

2301 3309 2561 3390 gratias.

885 3424 1116 3490 Heaut.
1159 3426 1302 3490 618.
1346 3422 1467 3490 Abi
1508 3422 1800 3490 nunciam
1852 3424 2041 3502 intr0,
2112 3429 2305 3507 atque
2344 3424 2481 3489 illa
2541 3425 2595 3490 si
2650 3425 2775 3492 iam

1555 3541 1564 3551 '
1839 3539 2085 3619 laverit,
2132 3538 2283 3603 mihi
2322 3539 2560 3605 nuntia.

889 3652 1047 3718 Eun.
1093 3655 1235 3719 763.
1279 3652 1395 3719 Tu.
1417 3652 1520 3718 abi
1559 3658 1752 3735 atque
1794 3651 2020 3720 obsera
2059 3653 2291 3719 ostium
2330 3653 2520 3719 intus.

699 3933 756 3998 1)
795 3933 865 3989 of.
902 3933 1298 4000 Weissenborn
1337 3935 1408 3990 ad
1445 3934 1567 3991 Liv.
1605 3936 1653 4004 1,
1693 3935 1778 4006 16,
1818 3935 1917 3990 11:
1984 3933 2105 3999 ‚Dio
2142 3935 2497 4005 Imperative,
2541 3918 2677 3992 'hier
2714 3935 2773 3990 in

557 4038 655 4092 der
691 4035 1128 4107 gewohnlichen,
1167 4037 1322 4093 nicht
1359 4039 1457 4094 der
1504 4039 1563 4094 in
1609 4039 1885 4094 Gesetzen
1937 4038 2401 4110 gebrauchlichen
2449 4040 2613 4095 Form
2651 4081 2663 4094 .
2704 4079 2718 4095 .
2760 4082 2771 4094 .

556 4139 778 4194 werden
817 4138 1174 4208 asyndetisch
1211 4141 1766 4211 zusammengestellt
1806 4182 1819 4196 .
1860 4181 1872 4194 .
1915 4141 1945 4195 .‘

701 4245 755 4308 2)
797 4243 919 4302 Non
958 4260 1078 4300 esse
1115 4243 1250 4300 mihi
1288 4245 1527 4316 videtur,
1584 4247 1727 4314 quod
1766 4262 1888 4301 cum
1925 4245 2111 4301 Fleck.
2151 4250 2210 4301 et
2247 4245 2507 4305 Dziatzk.
2546 4262 2580 4302 a
2618 4246 2772 4300 codd.

555 4344 839 4416 scriptura
876 4348 1199 4403 recedamus
1239 4353 1298 4403 et
1336 4348 1464 4417 ,adi‘
1501 4365 1598 4418 pro
1639 4348 1768 4416 ‚abi‘
1805 4349 2075 4418 legamus.
2149 4349 2289 4402 Nam
2316 4347 2487 4417 ‚abeo‘
2527 4364 2634 4404 non
2673 4346 2774 4402 ali-

551 4454 644 4515 ter
681 4448 902 4528 saepius
939 4449 1198 4519 usurpari
1235 4465 1398 4518 quam
1437 4450 1670 4527 simplex
1707 4452 1808 4520 ,eo‘
1846 4449 1957 4512 iam
1995 4464 2161 4526 supra
2199 4449 2453 4507 vidimus».
