3300 4984
1449 321 1869 385 ...97-

552 495 868 563 Futurum
909 494 1166 576 ,audies‘
1222 494 1583 577 imperativi
1639 495 1779 561 loco
1831 494 1933 559 hic
1988 495 2263 576 positum
2318 511 2458 560 esse
2516 498 2583 559 et
2628 513 2771 560 sen-

552 610 820 677 tentiam
863 609 1354 690 condicionalem
1393 609 1715 675 continere
1771 607 1941 674 dicas
1996 609 2287 675 similiter
2340 613 2533 690 atque
2574 609 2773 689 impe-

552 725 828 792 rativum
871 724 1197 806 ,ausculta‘
1239 725 1306 790 in
1348 722 1546 789 Andr.
1589 743 1647 789 v.
1691 727 1835 802 536,
1892 729 1966 789 ut
2009 721 2218 789 verbis
2261 723 2771 790 demonstrativis

554 856 649 920 ,eo
690 840 897 920 pacto‘
943 838 1072 904 vim
1116 837 1428 904 enuntiati
1469 837 1906 904 antecedentis
1950 836 2161 904 efferri
2217 838 2624 904 statuendum
2664 837 2767 906 sit.

552 951 679 1020 Sed
719 952 1103 1020 sententiam
1143 950 1628 1018 condicionalem
1687 950 1751 1016 in
1802 950 1920 1017 hoc
1942 973 1947 980 ·
1973 950 2261 1032 exemplo
2300 951 2509 1016 inesse
2550 950 2772 1033 negari

552 1073 802 1152 potest;
840 1085 988 1134 nam
1032 1066 1250 1134 eodem
1292 1066 1430 1134 iure
1473 1065 1797 1132 affirmare
1838 1065 2007 1146 licet,
2052 1065 2379 1132 enuntiato
2419 1067 2770 1147 posteriore
2852 1071 2855 1074 ’

552 1181 870 1265 explicari,
914 1200 1027 1248 cur
1068 1201 1204 1249 rem
1246 1199 1493 1248 omnem
1537 1198 1577 1245 a
1616 1180 1919 1262 principio
1962 1180 2130 1247 Simo
2172 1186 2549 1247 narraturus
2591 1181 2695 1248 sit.

717 1296 1070 1363 Pronomen
1113 1293 1214 1373 ‚id‘
1245 1293 1327 1359 ad
1371 1293 1767 1360 enuntiatum
1809 1293 2192 1360 antecedens
2227 1293 2583 1360 sententiae
2626 1313 2770 1360 con-

552 1407 872 1476 dicionalis
913 1407 1050 1474 loco
1091 1407 1365 1490 positum
1421 1411 1675 1488 spectat
1720 1404 1911 1472 etiam
1954 1407 2019 1471 in
2060 1407 2168 1472 illo
2208 1407 2476 1489 Adelph.
2520 1429 2579 1474 v.
2626 1412 2768 1492 881,

552 1541 739 1607 quem
779 1542 972 1605 supra
1015 1522 1528 1589 memoravimus:
1575 1521 1849 1602 ‚Deerit:
1891 1521 1957 1586 id
2000 1541 2143 1587 mea
2182 1523 2457 1589 minume
2497 1542 2570 1589 re
2614 1524 2765 1605 fert,

553 1639 659 1721 qui
714 1656 853 1704 sum
914 1643 1070 1702 natu
1127 1638 1492 1702 maxumus‘.
1582 1634 1914 1719 (conferas
1978 1636 2163 1700 velim
2222 1636 2365 1702 huic
2418 1637 2554 1704 loco
2608 1639 2765 1706 Eun.

549 1755 706 1820 251:
781 1751 872 1833 ,Id
927 1769 1180 1818 rursum
1223 1751 1278 1818 si
1320 1755 1588 1832 negant,
1655 1748 1843 1815 laudo
1884 1748 1948 1814 id
1992 1753 2278 1831 quoque‘,
2346 1748 2455 1816 ubi
2495 1751 2769 1819 alterum

554 1865 654 1947 ,id‘
697 1867 781 1933 ad
826 1867 1208 1933 sententiam
1252 1864 1736 1932 condicionalem
1781 1864 1855 1944 ,si
1896 1868 2150 1946 negant‘
2193 1865 2522 1946 pertinet.)

716 1980 1046 2046 Monemus
1089 1977 1375 2062 protasin
1420 1977 1874 2058 paratacticam
1925 1977 2195 2043 inveniri
2239 1978 2431 2045 etiam
2473 1979 2540 2044 in
2584 1980 2769 2046 comi-

551 2113 764 2162 corum
807 2093 1202 2177 fragmentis.
1286 2091 1812 2175 Interrogatione‚
1855 2091 1910 2157 si
1950 2091 2231 2158 codicum
2260 2092 2597 2159 lectionem
2627 2113 2769 2160 cum
2836 2132 2843 2140 ·

549 2207 889 2276 Ribbeckio
931 2209 1273 2291 sequimur,
1318 2206 1744 2274 condicionem
1788 2206 2094 2272 contineri
2134 2205 2415 2272 videmus
2436 2206 2554 2274 hoc
2596 2208 2765 2274 loco:

882 2330 950 2395 T.
999 2328 1114 2406 Qu.
1161 2329 1294 2394 Att.
1345 2333 1398 2393 1.
1441 2328 1719 2393 Daturin
1740 2327 1793 2412 1)
1838 2327 1995 2394 estis
2038 2331 2307 2394 aurum?
2351 2330 2595 2395 exultat
2635 2331 2769 2412 pla-

1700 2505 1706 2510 .
2140 2447 2146 2452 '
2358 2442 2555 2524 nipes.

548 2557 734 2624 Alter
775 2558 966 2637 locuS,
1011 2557 1117 2640 qui
1157 2556 1278 2622 huc
1320 2557 1619 2638 pertinet,
1664 2555 1744 2621 ad
1788 2575 1863 2622 ea
1908 2556 2194 2638 exempla
2236 2557 2623 2624 Terentiana
2664 2577 2768 2626 ac-

552 2669 777 2739 cedere
820 2671 968 2737 mihi
1011 2670 1280 2750 videtur,
1339 2689 1501 2753 quae
1551 2671 2112 2753 interrogationem
2170 2671 2422 2754 quidem
2477 2691 2601 2738 non
2656 2673 2766 2739 ad-

548 2784 834 2864 mittunt,
876 2783 989 2851 sed
1033 2789 1208 2850 certo
1247 2784 1415 2849 vocis
1458 2803 1610 2850 sono
1653 2783 1944 2849 similiter
1994 2789 2186 2866 atque
2237 2785 2766 2868 interrogationes

549 2899 944 2980 pronuntiari
979 2903 1260 2980 oportet:

882 3011 1064 3077 Caec.
1109 3010 1269 3077 Stat.
1316 3014 1356 3075 5
1400 3058 1417 3077 .
1469 3061 1480 3074 .
1525 3015 1832 3090 actutum,
1870 3011 2077 3090 voltis
2122 3016 2337 3092 empta
2380 3016 2509 3077 est:
2553 3013 2763 3090 noltis,

1849 3142 1971 3188 non
2016 3129 2229 3205 empta
2272 3130 2371 3190 est
2418 3178 2430 3193 .
2479 3179 2491 3191 .
2538 3175 2553 3189 .

715 3239 984 3305 Praeter
1025 3239 1193 3305 locos
1251 3257 1444 3320 supra
1495 3233 1723 3304 allatos
1740 3286 1757 3320 ,
1824 3235 1930 3304 ubi
1983 3238 2396 3319 imperativus
2455 3241 2764 3309 enuntiati

549 3352 988 3434 condicionalis
1029 3353 1165 3418 loco
1204 3353 1448 3433 positus
1492 3358 1610 3432 est,
1669 3351 1836 3434 apud
1882 3349 2215 3419 Horatium
2266 3355 2539 3435 protasis
2578 3374 2762 3437 para-

547 3467 780 3532 tactica
816 3467 1092 3532 occurrit
1131 3465 1197 3530 in
1238 3465 1336 3531 his
1379 3465 1714 3547 exemplis:

878 3584 996 3645 sat.
1041 3579 1087 3652 I,
1131 3581 1188 3656 3,
1234 3583 1335 3645 84.
1379 3579 1671 3646 Paullum
1711 3578 1979 3662 deliquit
2018 3580 2275 3662 amicus„
2318 3616 2402 3628 -—

968 3693 1148 3773 Quod
1186 3693 1307 3759 nisi
1348 3694 1671 3777 concedas,
1711 3691 1988 3760 habeare
2026 3694 2303 3761 insuavis
2338 3720 2453 3763 -ε
2494 3697 2764 3766 acerbus

968 3807 1173 3875 Odisti
1215 3815 1282 3875 et
1323 3807 1487 3890 fugis
1529 3815 1604 3874 ut
1643 3807 1963 3876 Rusonem
2003 3809 2249 3904 debitor
2290 3813 2455 3878 aeris
2499 3865 2514 3880 .
2563 3862 2577 3878 .
2623 3866 2638 3881 .

925 3973 958 4007 ‚‚
1045 3923 1128 4003 Π,
1173 3927 1230 4002 5,
1275 3927 1373 3989 74.
1417 3923 1665 3989 Scribet
1705 3923 1873 3987 mala
1915 3921 2193 3989 carmina
2235 3943 2481 3993 vecors:

967 4035 1254 4103 Laudato
1299 4086 1312 4102 .
1357 4035 1683 4105 Scortator
1724 4037 1875 4104 erit:
1920 4054 2071 4103 cave
2113 4044 2182 4103 te
2223 4045 2407 4122 roget
2450 4094 2463 4108 .
2509 4091 2524 4106 .
2568 4089 2585 4108 .
2628 4093 2644 4109 .

694 4280 750 4352 1)
789 4279 1094 4338 Hermanni
1131 4281 1508 4338 coniecturam
1549 4281 1769 4352 „daturi
1806 4282 1855 4336 si
1891 4278 2028 4338 estis
2065 4282 2289 4338 aurum“
2320 4281 2534 4340 omnino
2571 4299 2759 4354 super-

545 4399 849 4446 vacaneum
883 4399 1005 4446 ΘΕΒΘ
1043 4399 1342 4445 censemus.
