3300 4984
1361 399 1817 468 -103-

481 579 576 648 ex‘
597 579 889 648 vertendi
943 580 1190 646 ratione
1247 577 1382 663 (,du
1435 577 1644 644 lachst
1660 577 1695 645 f?
1764 577 1852 643 du
1906 576 2233 644 tauschest
2282 573 2449 644 mich
2500 571 2695 645 nicht‘

481 695 614 761 sive
658 695 765 777 ,du
807 694 1055 762 machst
1095 693 1261 760 mich
1287 692 1462 759 nicht
1489 693 1619 757 irre
1647 692 1714 758 in
1742 691 1983 758 meiner
2005 692 2306 774 Meinung
2326 691 2484 758 iiber
2503 691 2697 776 dich‘)

481 809 768 891 intellegi
805 815 1038 891 potest.

649 923 828 990 Idem
870 923 1036 1005 quod
1089 923 1172 987 de
1227 921 1419 987 Andr.
1467 940 1523 987 v.
1569 922 1695 986 204
1746 920 2047 1001 diximus,
2115 919 2182 986 in
2234 920 2430 989 Andr.
2474 941 2533 988 v.
2576 924 2701 988 679

484 1037 797 1120 quadrare
841 1041 1054 1117 potest
1069 1087 1084 1116 ,
1153 1034 1261 1101 ubi
1311 1034 1502 1106 idem.
1530 1034 1804 1115 Spengel
1858 1034 2418 1117 interrogationem
2452 1035 2700 1116 statuit,

485 1169 648 1233 quae
709 1150 1022 1216 enuntiati
1079 1149 1420 1214 concessivi
1475 1149 1612 1214 loco
1664 1149 1751 1215 sit
1802 1149 2037 1230 posita:
2122 1147 2377 1232 ,Parum
2422 1150 2703 1216 succedit

485 1263 652 1346 quod
696 1281 816 1344 ago
832 1265 862 1327 ?
914 1268 984 1329 at
1023 1261 1186 1328 facio
1225 1262 1486 1328 sedulo‘.
1571 1259 1786 1327 Ceteri
1826 1260 2103 1328 editores
2142 1262 2704 1344 interrogationem

486 1378 774 1458 reiciunt,
821 1395 965 1442 cum
1005 1375 1317 1443 scribantz
1361 1377 1615 1456 ,Parum
1635 1374 1918 1443 succedit
1938 1375 2104 1458 quod
2125 1395 2273 1459 ago:
2320 1377 2393 1462 (3)
2438 1383 2508 1444 at
2542 1376 2706 1444 facio

487 1489 747 1557 sedulo‘.

655 1606 891 1671 Sensus
935 1605 1330 1672 concessivus
1372 1611 1715 1686 praeterea
1756 1605 1857 1672 his
1900 1605 2052 1672 locis
2090 1605 2260 1672 inest
2286 1605 2351 1670 in
2380 1607 2707 1674 enuntiato

490 1718 912 1786 antecedente
929 1743 942 1784 z

822 1833 1056 1898 Heaut.
1099 1836 1219 1900 201
1265 1851 1357 1915 sq,
1446 1833 1745 1899 Fortasse
1799 1833 2191 1916 aliquantum
2240 1833 2510 1916 iniquior
2567 1839 2709 1900 erat

1645 1953 1909 2029 praeter
1952 1947 2085 2013 eius
2128 1945 2495 2014 lubidinem:
2528 2011 2533 2016 .

911 2060 1254 2126 Pateretur
1298 2108 1315 2126 .
1359 2110 1374 2124 .
1423 2110 1438 2126 .

823 2175 982 2240 Eun.
1025 2175 1168 2241 426.
1213 2175 1423 2255 Lepus
1465 2178 1608 2240 tute
1652 2191 1739 2255 es,
1781 2175 2258 2257 pulpamentum
2298 2177 2601 2260 quaeris?

659 2289 762 2355 Sic
817 2288 1054 2370 legitur
1105 2289 1171 2353 in
1223 2287 1434 2354 codice
1493 2287 1815 2369 Bembino,
1887 2308 2073 2372 quem
2141 2291 2576 2373 Umpfenbach
2644 2297 2713 2359 et

497 2403 800 2470 Dziatzko
838 2408 1218 2484 sequuntur3
1259 2403 1458 2469 ceteri
1488 2401 1733 2468 codices
1753 2404 2140 2471 recentiores
2167 2404 2436 2473 habent:
2482 2406 2713 2488 ,Lepus

420 2599 432 2608 ς
490 2525 632 2584 tute
675 2537 747 2585 es
787 2523 854 2584 et
895 2518 1370 2600 pulpamentum
1412 2519 1707 2601 quaeris‘‚
1750 2516 1919 2584 unde
1959 2519 2286 2586 Bentleius
2328 2527 2396 2587 et
2422 2521 2540 2588 hoc
2568 2539 2714 2588 auc-

493 2637 634 2699 tore
678 2632 1071 2726 Fleckeisen,
1111 2650 1251 2697 cum
1295 2631 1451 2696 haec
1471 2631 1660 2697 lectio
1684 2636 1889 2698 metro
1917 2639 2248 2715 repugnet,
2291 2636 2712 2718 scripserunt:

495 2753 581 2824 ,et
623 2746 1019 2828 pulmentum
1061 2746 1351 2827 quaeris‘.
1438 2745 1620 2811 Hunc
1664 2764 1920 2812 versum
1940 2747 2077 2813 Livi
2100 2747 2438 2816 Andronici
2476 2750 2716 2817 dictum

498 2879 638 2926 esse
679 2861 987 2942 Vopiscus
1027 2860 1292 2926 tradidit
1307 2911 1322 2940 ,
1395 2879 1475 2926 ex
1531 2878 1655 2943 quo
1696 2879 2074 2944 quamquam
2132 2863 2376 2931 codices
2415 2869 2522 2944 ,et‘
2565 2867 2718 2932 omi-

498 2977 655 3041 sisse
697 2973 982 3053 adnot'at,
1025 2974 1304 3041 Ribbeck
1347 2993 1490 3040 eum
1545 2976 1610 3039 in
1664 2976 1795 3041 Liv.
1840 2976 2025 3058 frgm.
2074 2979 2113 3041 8
2172 2979 2383 3060 posuit
2436 2982 2718 3047 numeris

500 3089 864 3156 trochaicis:
931 3090 1160 3170 ,Lepus
1205 3096 1344 3156 tute
1388 3107 1458 3155 es
1500 3095 1567 3155 et
1609 3090 2087 3172 pulpamentum
2134 3094 2425 3175 quaeris‘.
2512 3095 2721 3161 Parti-

502 3203 707 3269 culam
763 3207 868 3283 ,et‘
929 3204 1149 3269 eodem
1202 3222 1392 3270 sensu
1445 3203 1611 3286 apud
1666 3205 2034 3271 Terentium
2094 3212 2288 3287 atque
2341 3215 2429 3289 ‚et
2484 3215 2719 3276 tamen‘
2824 3265 2827 3267 s

503 3316 606 3399 (cf.
650 3315 844 3382 Andr.
889 3319 971 3382 59
1035 3317 1244 3384 Plaut.
1291 3309 1420 3382 Mil‘.
1467 3317 1614 3400 761)
1688 3317 2035 3384 adhibitam
2102 3337 2243 3385 esse
2266 3321 2318 3401 1)
2382 3322 2721 3388 verisimile

504 3450 626 3497 non
668 3430 952 3508 videtur;
995 3431 1196 3512 magis
1237 3431 1456 3513 igitur·
1477 3430 1845 3514 asyndeton,
1888 3438 1961 3499 ut
2002 3433 2095 3498 ita
2136 3421 2358 3515 dicam,
2416 3438 2722 3508 concessi-

507 3565 652 3612 vum
693 3546 1103 3612 statuendum
1146 3563 1287 3611 esse
1323 3545 1440 3612 hoc
1481 3547 1618 3612 loco
1661 3546 1963 3613 existimo.

673 3659 864 3724 Cuius
906 3658 1027 3724 loci
1067 3657 1238 3723 haud
1278 3656 1595 3724 dissimilis
1638 3664 1768 3725 est:

840 3772 1072 3838 Heaut.
1117 3774 1199 3837 65
1244 3790 1339 3854 sq.
1385 3771 1613 3839 Servos
1636 3772 2006 3853 compluris:
2051 3774 2311 3855 proinde
2340 3775 2517 3856 quasi
2540 3794 2725 3841 nemo

2124 3957 2133 3966 .
2370 3888 2511 3968 siet,

927 4000 1030 4066 Ita
1068 4006 1316 4066 attente
1362 4004 1504 4065 tute
1545 3999 1797 4066 illorum
1835 4000 2039 4068 officia
2080 4002 2363 4082 fungere.

511 4115 634 4202 (Ex
673 4114 876 4182 forma
921 4114 1173 4194 ,habet‘,
1217 4132 1378 4196 quae
1417 4119 1626 4180 exstat
1667 4115 1733 4179 in
1758 4133 1947 4181 versu
1984 4117 2263 4197 proxime
2288 4115 2725 4197 antecedente,

509 4245 651 4294 cum
673 4229 990 4310 Wagnero
1031 4227 1646 4306 subintellegendum
1692 4246 1831 4293 esse
1874 4226 2136 4293 verbum
2168 4228 2401 4309 ,habes‘
2426 4230 2728 4296 Dziatzko

658 4458 717 4530 1)
753 4457 824 4513 cf.
862 4455 1115 4528 Draeger
1153 4456 1202 4528 S.
1242 4455 1365 4525 311,
1407 4456 1490 4510 10.
1530 4456 1722 4510 Ballas
1758 4456 1794 4509 l.
1833 4456 1870 4509 l.
1911 4471 1965 4526 p.
2004 4456 2196 4512 9-11.
