3300 4984
1565 409 1981 478 ..a-14...

1007 591 1144 660 Afr.
1209 591 1396 674 frgm.
1459 592 1668 677 14516.
1732 591 1839 658 Fit
1908 609 2065 674 opus
2128 589 2513 657 luculentem
2565 589 2716 655 hoc:
2784 587 2887 654 dic

1909 705 1969 771 ei
2010 703 2273 770 herbam
2315 703 2427 770 det
2473 751 2486 766 .
2533 755 2546 768 .
2593 755 2607 768 .
2659 754 2673 768 .

1449 823 1591 888 316.
1656 819 1839 898 Nunc·
1870 839 1940 887 se
1968 818 2420 902 obsequentem
2460 825 2655 901 atque
2682 816 2887 884 hilare

1791 951 1795 958 ·
2196 933 2325 1000 dixi
2365 933 2689 1016 praebeat.

673 1049 950 1117 Coniunc
961 1035 1144 1117 tivos'
1195 1051 1434 1130 solutos
1520 1049 1669 1130 ,det‘
1756 1055 1827 1116 et
1866 1038 2245 1132 ',praebeat‘
2324 1066 2450 1113 non
2529 1045 2889 1132 dependere

672 1181 748 1230 ex
811 1163 1004 1231 verbo
1055 1163 1335 1246 dicendi,
1393 1165 1506 1235 sed
1559 1165 1919 1248 imperativi
1974 1165 2110 1230 vice
2160 1163 2339 1245 fungi
2398 1167 2889 1228 consentaneum

579 1367 584 1372 ἱ
671 1282 772 1343 est
797 1277 868 1364 1).
958 1277 1242 1344 Eundem
1303 1296 1486 1346 usum
1527 1278 1882 1345 invenimus
1926 1276 2093 1360 apud
2134 1275 2469 1344 Horatium
2538 1276 2651 1359 Ep.
2721 1276 2769 1342 I.
2827 1279 2883 1341 7.

671 1393 755 1459 60
795 1411 888 1476 sq.
975 1391 1110 1472 Dic,
1188 1393 1198 1476 Ι
1277 1392 1375 1458 Ad
1419 1411 1640 1459 cenam
1682 1393 1916 1459 veniat.

839 1527 1051 1616 Etiam
1105 1529 1205 1596 hic
1261 1529 1436 1596 locus
1492 1527 1572 1596 ad
1646 1528 1915 1596 eundem
1987 1548 2172 1596 usum
2225 1529 2547 1612 pertinere
2606 1529 2885 1595 videtur:

676 1646 796 1710 sat.
825 1641 906 1722 H,
938 1645 1106 1722 5,‘23
1138 1642 1281 1710 Dixi
1311 1643 1603 1726 equidem
1634 1649 1701 1710 et
1730 1643 1901 1710 dieo:
1948 1649 2167 1727 captes
2210 1648 2462 1710 astutus
2490 1642 2756 1726 ubique.
2788 1693 2803 1708 .
2828 1693 2843 1709 .
2872 1693 2885 1709 .
2926 1669 2929 1674 ·

672 1755 814 1823 Non
856 1757 1024 1822 enim
1065 1756 1260 1823 verba
1299 1758 1428 1823 iam
1469 1756 1640 1826 dicta
1690 1763 1882 1825 antea
1923 1757 2025 1822 vel
2065 1757 2397 1840 aliquando
2440 1756 2704 1823 dicenda
2743 1776 2887 1839 pro-

672 1870 964 1938 feruntur
980 1921 996 1950 ,
1053 1871 1166 1938 sed
1207 1871 1416 1939 solute
1466 1872 1711 1954 positus
1756 1877 1856 1938 est
1904 1870 2334 1938 coniunctivus
2390 1875 2648 1954 ,captes‘
2691 1870 2889 1951 impe-

672 1985 862 2052 rativi
929 1985 1064 2054 loco
1145 1992 1492 2069 usurpatus
1513 2038 1528 2067 ,
1607 1986 1717 2054 ubi
1802 1986 2196 2053 enuntiatum
2270 1986 2701 2053 coniunctione
2776 1990 2886 2067 ,ut‘

672 2093 1073 2167 subiunctum
1134 2119 1275 2168 esse
1330 2106 1787 2184 exspectamus,
1891 2099 2134 2183 (Neque
2192 2100 2445 2166 silentio
2502 2101 2888 2182 praeterisse

671 2211 859 2280 velim
878 2264 893 2292 ,
952 2213 1192 2281 duobus
1232 2213 1386 2280 locis
1427 2213 1791 2281 Horatianis
1832 2215 2279 2296 imperativum
2324 2212 2461 2292 ‚dic‘
2508 2231 2649 2278 cum
2690 2213 2889 2279 inter-

672 2329 1000 2410 rogatione
1057 2336 1235 2396 recta
1291 2347 1431 2395 esse
1489 2329 1919 2395 coniunctum:
1976 2347 2075 2410 ep.
2133 2328 2183 2408 Ι,
2240 2334 2297 2408 1,
2352 2330 2435 2394 62
2490 2327 2733 2406 Roscia,
2789 2325 2888 2395 dic

673 2437 877 2521 sodeS,
937 2442 1158 2508 melior
1198 2443 1302 2509 lex
1339 2461 1422 2508 an
1464 2448 1869 2524 puerorumst
1906 2447 1915 2520 1
1951 2441 2155 2508 Nenia
2198 2489 2215 2508 .
2262 2492 2277 2509 .
2324 2495 2336 2508 .
2386 2492 2401 2507 .
2460 2460 2561 2524 ep.
2592 2439 2641 2520 1,
2676 2445 2775 2522 16,
2806 2444 2882 2506 31

669 2554 1117 2638 Respondesne
1159 2563 1290 2638 tuo,
1333 2555 1433 2622 dic
1475 2555 1681 2638 sodes,
1727 2557 1974 2623 nomine
1991 2557 2069 2640 Ρ).

839 2694 895 2757 Α
937 2693 1262 2776 Draegero
1319 2693 1384 2760 in
1438 2693 1626 2760 huius
1668 2694 1987 2775 parataxis
2030 2693 2281 2776 generis
2334 2692 2656 2775 exemplis,
2722 2711 2886 2776 quae

676 2805 939 2874 verbum
996 2806 1242 2874 dicendi
1299 2806 1592 2890 praebet,
1662 2814 2035 2874 numeratur
2102 2809 2294 2874 etiam
2350 2808 2565 2874 Heaut
2620 2827 2677 2876 v,
2740 2811 2888 2876 795:

675 2921 916 2988 Verum
943 2921 1116 3002 illud,
1165 2921 1486 3002 Chremes,
1526 2923 1536 3005 l
1572 2922 1834 2988 Dicunt:
1882 2923 2004 3016 ‚ius
2027 2940 2334 2989 summum
2367 2941 2556 3005 saepe
2586 2927 2893 2988 summast

673 3034 964 3113 malitia.‘
1049 3034 1174 3102 Sed
1215 3041 1582 3103 monentum
1627 3041 1747 3114 est,
1790 3053 2131 3117 pronomen
2175 3035 2368 3116 ,illud‘
2399 3034 2591 3102 verbo
2635 3034 2890 3116 ,dicunt‘

660 3135 989 3216 ‘adiectum
1041 3149 1124 3214 ad
1166 3150 1561 3216 enuntiatum
1579 3202 1595 3228 ,
1637 3149 1805 3236 quod
1845 3151 2131 3234 sequitur
2148 3203 2163 3231 ,
2220 3156 2513 3232 spectare
2534 3203 2549 3232 ,
2588 3169 2713 3234 quo
2754 3169 2895 3216 sen-

676 3266 883 3332 tentia
925 3245 1271 3332 communis
1309 3268 1688 3335 continetur.
1768 3266 2017 3334 Similes
2057 3268 2245 3334 huius
2286 3267 2407 3334 loci
2448 3274 2598 3334 sunt
2627 3266 2891 3348 Adelph.

680 3401 736 3445 v.
781 3381 864 3446 28
909 3386 976 3447 et
1017 3382 1160 3462 823,
1199 3379 1306 3448 ubi
1347 3379 1570 3446 itidem
1609 3381 1967 3448 sententiae
2012 3399 2374 3447 communes
2402 3382 2687 3446 oratione
2715 3387 2895 3448 recta

675 3493 1085 3578 proferuntur
1107 3498 1178 3578 ²).
1263 3494 1438 3561 Idem
1482 3495 1648 3578 quod
1692 3494 1871 3576 ,dico‘
1914 3502 2013 3561 est
2056 3494 2303 3572 ,edico‘z
2349 3495 2507 3561 Eun.
2556 3497 2717 3562 1064
2758 3513 2891 3578 sqq.

677 3608 881 3690 Miles,
949 3609 1125 3675 edico
1189 3608 1305 3675 tibi
1402 3610 1413 3692 Ι
1511 3609 1578 3676 Si
1652 3615 1721 3675 te
1786 3609 1851 3676 in
1916 3608 2131 3690 platea
2194 3608 2513 3675 offendero
2574 3609 2692 3676 hac
2753 3617 2895 3691 post

675 3741 974 3806 umquam
988 3773 1005 3803 ‚
1077 3723 1243 3807 quod
1297 3722 1471 3790 dicas
1528 3722 1682 3789 mihi
1760 3723 1771 3805 Ι
1836 3723 2066 3801 ‚Alium
2121 3721 2501 3805 quaerebam
2521 3773 2536 3802 ,
2593 3722 2719 3788 iter
2778 3722 2895 3788 hac

681 3838 919 3906 habui‘:
963 3839 1226 3921 periisti.
1252 3841 1322 3922 ³).
2526 3829 2537 3841 '

827 4149 878 4215 1)
918 4147 987 4203 ef.
1028 4149 1174 4218 quod
1221 4147 1369 4206 infra
1418 4149 1573 4219 (pag.
1613 4149 1704 4216 32)
1755 4147 2103 4218 exposuimus
2153 4147 2220 4202 de
2266 4144 2369 4200 hoc
2422 4145 2757 4201 coniunctivi
2794 4161 2897 4200 usu

677 4251 1010 4321 (Praeterea
1051 4251 1120 4307 ef.
1157 4267 1287 4322 pag.
1326 4253 1399 4307 50
1434 4253 1588 4320 sqq).

823 4373 880 4438 2)
920 4373 990 4432 ef.
1032 4387 1099 4426 ea
1137 4373 1404 4442 exempla,
1443 4388 1584 4440 quae
1622 4387 1791 4441 supra
1827 4387 1958 4442 pag.
2000 4373 2068 4427 10
2104 4371 2411 4428 attulimus..

827 4493 884 4560 3)
925 4490 1186 4547 Conferre
1217 4491 1356 4547 libet
1372 4492 1560 4550 Plaut.
1601 4491 1719 4548 Mil.
1748 4493 1851 4546 159
1882 4504 1995 4564 sqq;
2037 4491 2212 4562 ‚Nunc
2250 4491 2389 4551 adeo
2432 4490 2585 4549 edico
2626 4488 2897 4544 omnibus:
