3300 4984
1540 389 1954 460 ...·16-..

798 570 1024 658 (Apud¹
1062 571 1392 640 Horatium
1447 595 1571 642 uno
1627 577 1763 643 loco
1818 578 2057 658 ‚clamo‘
2112 578 2501 662 paratactice
2554 579 2848 661 usurpari

634 684 915 751 videtur:
972 692 1092 753 sat.
1149 687 1256 769 11,
1305 693 1337 754 1
1359 741 1374 768 ‚
1435 694 1516 756 45
1587 691 1818 759 Melius
1889 711 2012 759 non
2070 699 2353 775 tangere,
2409 693 2625 760 clamo.
2727 692 2848 773 Qui

634 802 807 864 totus
846 800 1024 866 locus
1063 802 1128 866 in
1169 802 1536 884 parenthesi
1576 805 1817 887 positus
1862 807 2007 888 est).

799 913 1002 980 Multo
1068 916 1320 996 saepius
1386 935 1573 1000 quam
1637 920 1832 986 verba
1901 920 2146 986 dicendi
2210 928 2597 988 structuram
2664 940 2849 1004 para-

631 1028 928 1094 tacticam
976 1029 1284 1110 praebent
1312 1031 1507 1098 verba
1550 1034 1864 1100 sentiendi
1907 1043 1973 1102 et
2014 1037 2078 1100 in
2122 1035 2199 1102 iis
2232 1037 2579 1118 principem
2621 1036 2847 1117 locum,

635 1141 690 1205 si
731 1160 1060 1208 numerum
1093 1147 1518 1227 exemplorum
1548 1150 1924 1230 respexeris,
1970 1149 2214 1217 obtinet
2256 1157 2330 1218 ut
2356 1150 2521 1234 apud
2552 1151 2849 1219 Plautum

634 1254 743 1320 ita·
770 1255 937 1336 apud
979 1257 1344 1324 Terentium
1367 1261 1421 1343 1)
1451 1260 1729 1328 -verbum
1776 1263 1960 1342 ,scio‘.

801 1370 1034 1436 Eorum
1076 1371 1371 1455 locorum,
1429 1376 1656 1458 quibus
1698 1376 1959 1444 verbum
2018 1379 2183 1457 ,scio‘
2238 1380 2583 1446 enuntiatis
2624 1379 2852 1462 prima-

635 1485 745 1550 riis
787 1489 1207 1570 anteponitur,
1253 1490 1378 1558 duo
1419 1511 1657 1573 genera
1697 1500 1848 1560 sunt
1890 1492 2334 1575 discernenda3
2376 1494 2483 1561 ubi
2506 1511 2849 1577 pronomen

638 1598 1198 1669 demonstrativum
1257 1605 1410 1683 ‚hoc‘
1469 1606 1659 1672 verbo
1716 1608 1884 1687 ,scio‘
1942 1608 2258 1675 adiectum
2311 1615 2443 1688 est,
2504 1609 2851 1689 enuntiato,

636 1711 801 1795 quod
840 1715 1145 1801 sequitur,
1205 1737 1327 1785 non
1371 1719 1685 1786 obiectum
1728 1720 1904 1788 verbi
1947 1722 2262 1788 sentiendi
2305 1723 2682 1803 continetur,
2739 1721 2854 1788 sed

635 1828 1020 1910 pronominis
1063 1831 1157 1897 vis
1221 1832 1587 1915 explicatur,
1658 1840 1734 1901 ut
1774 1836 2157 1902 sententiam
2201 1836 2657 1916 explicativam,
2730 1853 2852 1900 non

637 1941 1096 2010 substantivam
1139 1943 1413 2012 alterum
1456 1949 1853 2014 enuntiatum
1900 1950 2212 2030 exprimat
2232 1948 2305 2033 ²).
2395 1948 2492 2014 Ad
2521 1948 2852 2030 parataxin

638 2062 876 2142 autem⁸
898 2076 977 2124 ea
1018 2079 1264 2143 quoque
1308 2062 1599 2144 exempla
1639 2063 1961 2144 pertinere
1990 2069 2283 2145 apertum
2306 2070 2424 2143 est,
2464 2060 2628 2146 quod
2660 2063 2851 2129 etiam

636 2173 1001 2253 pronomine
1044 2173 1539 2242 demonstrativo
1581 2176 1999 2243 antecedente
2044 2175 2237 2243 verba
2278 2176 2591 2242 sentiendi
2636 2181 2702 2244 et
2744 2176 2853 2241 de-

639 2286 922 2352 clarandi
964 2290 1360 2356 accusativus
1401 2309 1541 2356 cum
1585 2291 1890 2358 infinitivo
1932 2290 2275 2358 secundum
2306 2291 2586 2374 syntaxis
2613 2277 2851 2356 latinae

636 2399 810 2482 leges
851 2403 1120 2468 usitatas
1163 2405 1340 2487 sequi
1374 2403 1547 2479 ‘solet
1569 2404 1639 2487 ³).

803 2513 980 2593 ,scio‘
1027 2517 1460 2598 anteponitur:

966 2630 1158 2697 Andr.
1204 2632 1326 2696 365
1369 2649 1460 2714 sq.
1503 2631 1674 2698 Scio:
1714 2631 1723 2714 Ι
1760 2631 2059 2711 Magnum
2099 2631 2345 2712 signum
2388 2634 2502 2710 (sc.
2549 2630 2694 2713 est).

1053 2798 1083 2829 „
1201 2749 1322 2812 653
1365 2765 1457 2830 sq.
1504 2747 1676 2812 Scio:
1718 2765 1859 2811 cum
1900 2750 2084 2827 patre
2120 2745 2446 2812 altercasti
2488 2744 2741 2824 dudum,
2783 2751 2851 2810 et

1837 2856 1893 2922 is
1933 2875 2096 2922 nunc
2138 2863 2481 2938 propterea
2526 2855 2640 2922 tibi

965 2972 1306 3038 Suscenset
1374 2989 1489 3036 nec
1568 2977 1636 3035 te
1709 2971 1910 3054 quivit
1969 2970 2154 3036 hodie
2226 2989 2453 3052 cogere
2535 2969 2707 3035 illam
2778 2975 2851 3034 ut

2355 3084 2637 3152 duceres.

969 3197 1161 3264 Andr.
1205 3202 1329 3265 658
1374 3199 1544 3266 Scio:
1591 3204 1662 3265 tu
1707 3204 1961 3266 coactus
2000 3205 2114 3265 tua
2154 3198 2482 3265 voluntate
2527 3218 2612 3264 es,

968 3315 1199 3381 Heaut.
1242 3317 1361 3388 752
1403 3315 1544 3380 Etsi
1586 3315 1733 3395 scio,
1773 3315 1961 3380 hosce
2004 3313 2253 3398 aliquod
2282 3313 2417 3380 dies
2444 3332 2566 3379 non
2596 3314 2849 3380 sentiet.

971 3429 1222 3495 Phorm.
1266 3431 1389 3495 636
1430 3448 1563 3513 sqq.
1609 3430 1773 3495 Nam
1814 3435 1917 3495 sat
1954 3430 2098 3508 scio,
2136 3429 2147 3512 Ι
2184 3427 2249 3494 Si
2294 3436 2365 3494 tu
2394 3427 2667 3510 aliquam
2710 3446 2852 3510 par-

1617 3550 1749 3610 tem
1793 3545 1977 3626 aequi
2006 3542 2277 3625 bonique
2298 3542 2547 3638 dixeriS,
2587 3543 2595 3628 1
2634 3544 2724 3609 Ut
2754 3547 2853 3607 est

1616 3658 1723 3722 ille
1768 3656 1967 3723 bonus
2016 3657 2129 3735 vir,
2175 3656 2298 3721 tria
2341 3674 2463 3721 non
2507 3658 2851 3721 commuta-

1613 3770 1765 3837 bitis
1801 3772 1812 3854 Ι
1849 3769 2080 3836 Verba.
2101 3768 2286 3835 hodie
2324 3770 2493 3834 inter
2534 3787 2662 3834 voS.

788 4069 840 4133 1)
879 4067 1081 4122 Mirum
1123 4074 1238 4136 est,
1297 4067 1508 4122 nullum
1561 4065 1727 4121 huius
1779 4081 1911 4120 usus
1962 4064 2267 4134 exemplum
2320 4063 2557 4118 inveniri
2592 4061 2651 4116 in
2689 4059 2851 4116 comi-

641 4189 826 4228 corum
879 4172 1230 4243 fragmentis.
1307 4172 1375 4227 cf.
1413 4173 1681 4242 Draeger‚
1730 4171 1781 4240 ξ.
1820 4170 1941 4238 369,
1983 4171 2032 4225 7.
2074 4171 2079 4176 ’
2114 4168 2361 4237 „Weiter
2396 4168 2474 4224 ist
2520 4168 2653 4222 aber
2701 4165 2852 4220 diese

639 4273 1025 4344 Erscheinung
1060 4274 1216 4329 nicht
1251 4273 1602 4338 beobachtet‚
1643 4287 1837 4328 ausser
1874 4270 2176 4339 beiApul.
2213 4276 2341 4325 met.
2382 4271 2432 4334 5,
2474 4268 2560 4334 11,
2598 4268 2717 4322 22ss

783 4378 844 4440 2)
883 4377 951 4432 cf.
991 4377 1220 4431 Kflhner
1257 4377 1336 4442 ΙΙ,
1373 4391 1503 4446 pag.
1542 4374 1645 4430 759
1685 4375 1812 4430 adn.
1850 4376 1901 4429 2.

781 4483 838 4549 3)
879 4481 947 4542 cf.
987 4479 1218 4535 Kuhner
1253 4479 1332 4546 H,
1368 4495 1499 4552 pag.
1537 4478 1662 4547 531,
1704 4478 1788 4535 17.
1828 4476 2069 4548 Spengel
2105 4476 2176 4531 ad
2218 4474 2389 4534 Andr.
2430 4474 2552 4542 1380.
