3300 4984
1417 371 1832 476 -55-

662 549 884 639 ',Malo‘
927 555 1020 622 sic
1061 557 1440 635 usurpatur:

843 669 1076 735 Heaut.
1099 670 1239 734 928.
1270 668 1468 733 Immo
1490 664 1679 732 abeat
1694 665 1903 746 potius
1922 665 2088 764 majo
2108 663 2325 746 quovis
2339 663 2624 746 gentium
2646 715 2693 730 ..
2712 651 2731 730 .

848 783 1113 866 Adelph.
1160 786 1299 848 782.
1373 784 1470 846 An
1511 780 1627 847 tibi
1678 782 1806 846 iam
1862 779 2061 846 mavis
2114 779 2446 846 cerebrum
2491 779 2733 861 disper-

2176 913 2322 976 gam
2370 893 2472 960 hic
2489 894 2521 958 Ῥ

681 1011 968 1078 Addendi
1013 1016 1162 1077 sunt
1203 1029 1280 1076 ex
1322 1010 1697 1076 comicorum
1738 1009 1922 1090 frgm.
1966 1009 2032 1075 hi
2073 1008 2221 1076 loci:

850 1127 1003 1194 NoV.
1044 1131 1144 1194 97.
1205 1126 1457 1192 Puriter
1499 1127 1639 1192 volo
1682 1125 1909 1192 facias:
1994 1125 2098 1208 (cf.
2143 1143 2307 1207 quae
2350 1131 2731 1207 sequuntur:

938 1239 1144 1326 [puro]
1190 1240 1322 1321 igni
1364 1247 1557 1321 atque
1600 1257 1765 1322 aqua
1815 1239 1952 1306 volo
1993 1240 2159 1305 hunc
2202 1239 2521 1323 accipiet.)

849 1356 1021 1422 Sext.
1064 1354 1257 1436 Turp.
1297 1356 1397 1420 26.
1463 1354 1623 1418 Nam
1664 1353 1721 1420 si
1764 1354 1949 1420 iceris
2004 1372 2106 1420 me
2132 1435 2136 1441 A
2163 1355 2445 1436 posthac,
2514 1353 2738 1441 credas

2126 1469 2280 1534 mihi
2320 1468 2528 1535 velim.

851 1583 1066 1663 Pomp.
1112 1583 1262 1648 Bon.
1310 1582 1408 1648 53.
1459 1582 1562 1647 Ita
1602 1581 1792 1647 velim
1833 1581 2048 1650 facias

853 1696 1069 1763 Afran.
1114 1699 1255 1762 308.
1301 1696 1549 1762 Vellem
1591 1695 2075 1762 intervenissem
2117 1702 2288 1762 ante.

947 1862 978 1896 ,‚
1107 1813 1251 1877 203.
1295 1810 1453 1877 Nolo
1491 1810 1593 1876 hic
1637 1817 1705 1877 te
1747 1811 1990 1877 videat:

853 1924 1042 1990 Licin.
1088 1924 1276 1990 Imbr.
1322 1923 1550 1990 Neaer.
1595 1925 1756 1990 Nolo
1784 1942 1899 2006 ego
1940 1924 2254 1990 Neaeram
2295 1930 2362 1990 te
2384 1931 2689 1992 vocent..
2727 1978 2742 1993 .

689 2039 827 2105 Non
871 2040 1074 2104 minus
1118 2059 1156 2104 a
1199 2037 1628 2119 scriptoribus,
1694 2039 1802 2120 qui
1842 2037 2159 2120 dicuntur,
2233 2039 2509 2106 classicis
2551 2039 2745 2106 verba

528 2153 706 2234 ,volo,
765 2153 926 2230 nolo,
985 2151 1168 2217 malo‘
1227 2158 1293 2218 et
1343 2151 1629 2233 inprimis
1685 2150 1919 2218 formas
1970 2153 2196 2234 ‚velim‚
2248 2153 2455 2235 nolim,
2511 2155 2745 2236 malim,

528 2268 774 2348 vellem,
833 2267 1084 2347 nollem,
1143 2267 1416 2331 mallem‘
1475 2285 1616 2332 cum
1678 2266 2068 2334 coniunctivo
2120 2266 2325 2334 soluto
2387 2269 2749 2335 coniunctas

531 2399 690 2462 esse,
734 2380 874 2462 quis
919 2387 1018 2445 est
1060 2381 1168 2462 qui
1209 2380 1498 2446 nesciat?
1582 2381 1767 2462 Apud
1810 2381 2144 2448 Horatium
2204 2382 2455 2463 quidem
2505 2383 2572 2448 hi
2613 2389 2749 2449 tres

524 2495 648 2562 loci
691 2499 973 2561 exstant:

866 2624 962 2689 ep.
1009 2607 1090 2688 H,
1131 2610 1192 2689 2,
1239 2610 1340 2674 57.
1385 2606 1550 2688 Quid
1591 2606 1819 2674 faciam
1861 2607 2002 2676 vis?

863 2727 983 2788 sat.
1027 2721 1075 2801 Ι,
1121 2727 1179 2803 5,
1224 2727 1299 2788 51
1345 2741 1479 2804 sqq.
1526 2722 1707 2789 Nunc
1750 2723 1904 2788 mihi
1935 2723 2151 2805 paucis

953 2837 1270 2903 Sarmenti
1311 2855 1572 2903 scurrae
1614 2855 1890 2919 pugnam
1934 2837 2252 2920 Messique
2297 2837 2539 2919 Cicirri,

956 2950 1156 3030 Musa,
1202 2950 1391 3015 velim
1432 2969 1744 3016 memores
1790 3000 1803 3014 .
1852 3001 1867 3017 .
1914 3001 1929 3017 .
1979 3001 1994 3017 .

871 3069 990 3128 sat.
1035 3063 1084 3142 Ι,
1131 3065 1188 3140 3,
1232 3067 1310 3127 41
1356 3081 1448 3144 sq.
1505 3063 1771 3129 Vellem.
1805 3063 1872 3127 in
1929 3065 2205 3131 amicitia
2262 3065 2352 3132 sic
2398 3085 2755 3133 erraremus

1720 3261 1723 3264 .
2328 3187 2401 3248 et
2438 3182 2548 3248 isti

663 3377 670 3382 ι
961 3291 1196 3357 Errore
1239 3309 1466 3356 nomen
1508 3292 1713 3357 virtus
1751 3293 2067 3372 posuisset
2108 3294 2459 3361 honestum.

705 3407 802 3488 Ex
846 3406 1070 3472 Plauto
1111 3405 1338 3471 Holtze
1399 3407 1507 3490 (II,
1557 3405 1703 3488 161)
1747 3407 1989 3489 aliquot
2043 3409 2329 3490 exempla
2379 3410 2627 3490 attulit,
2692 3411 2756 3474 in

540 3522 765 3605 quibus
825 3521 1176 3588 coniunctio
1227 3527 1337 3600 ,ut‘
1393 3539 1470 3586 ex
1527 3520 1721 3586 verbo
1778 3521 1956 3602 ‚volo‘
2013 3523 2349 3604 dependet.
2434 3523 2761 3591 Adiciendi

540 3641 690 3702 sunt
732 3655 809 3702 ex
851 3637 1223 3702 comicorum
1265 3636 1636 3719 fragmentis
1680 3637 1747 3702 hi
1788 3637 1911 3705 duo
1953 3637 2105 3704 loci:

875 3751 1045 3816 Sext.
1089 3750 1280 3832 Turp.
1325 3753 1426 3818 68.
1499 3750 1624 3817 Sed
1675 3752 1817 3817 volo
1884 3759 1959 3818 ut
2018 3751 2253 3818 familia
2296 3758 2513 3820 nostra
2555 3752 2763 3819 officia

2074 3864 2376 3946 fungatur
2416 3884 2551 3933 sua.

884 3980 1100 4045 Airan.
1145 3982 1286 4044 323.
1370 3978 1510 4043 Non
1575 3985 1959 4061 amatorem,
2024 3981 2173 4045 olim
2228 3979 2619 4046 defensorem
2672 3981 2767 4046 uti

2060 4095 2323 4178 perdam
2365 4095 2551 4161 volet.

717 4207 902 4291 Apud
943 4209 1311 4274 Terentium
1350 4207 1562 4273 nullus
1605 4214 1815 4275 exstat
1860 4210 2048 4289 locuS,
2093 4227 2215 4290 quo
2259 4209 2610 4275 coniunctio
2653 4213 2764 4289 ‚ut‘

551 4343 693 4390 cum
735 4323 925 4389 verbo
970 4324 1108 4388 volo
1151 4324 1337 4406 (nolo,
1381 4324 1574 4407 malo)
1621 4325 1953 4389 coniuncta
1997 4323 2099 4403 sit,
2144 4322 2256 4388 sed
2300 4322 2587 4389 omnibus
2630 4323 2769 4388 aliis

550 4438 720 4518 locis,
763 4436 871 4503 ubi
913 4456 1034 4502 non
1091 4437 1519 4502 coniunctivus
1579 4437 1823 4504 solutus
1880 4437 2172 4518 occurrit,
2228 4435 2518 4504 infinitivi
2561 4442 2769 4506 struc-
