3300 4984
1432 394 1849 456 *31-

527 570 851 635 structura
891 568 1085 651 priori
1124 588 1424 636 conexum
1467 576 1589 650 est,
1631 571 1747 637 sed
1790 570 2188 637 enuntiatum
2228 570 2597 653 primarium
2640 570 2748 636 ad-

525 684 694 750 iecta
733 683 1046 766 particula
1088 685 1218 760 ,ita‘
1264 704 1379 751 suo
1421 687 1560 751 iure
1603 687 1879 768 positum
1924 705 2062 752 esse
2104 687 2375 766 videtur,
2417 693 2492 752 ut
2538 704 2747 766 causa,

529 815 652 880 qua
693 796 757 862 id
801 797 968 880 quod
1007 798 1330 864 antecedit
1374 798 1664 879 efficitur,
1709 800 1945 865 maiore
1983 800 2044 866 vi
2072 801 2402 866 excitetur.
2489 798 2747 865 Maioris

524 910 722 993 igitur
761 911 1065 978 momenti
1110 913 1505 978 enuntiatum
1556 913 1872 994 posterius
1928 931 2069 978 esse
2126 912 2188 977 in
2243 913 2368 977 illis
2426 913 2747 995 exempliS,

527 1043 689 1108 quae
729 1027 1230 1107 memoravimus,
1274 1033 1565 1093 statuere
1610 1028 1760 1092 licet
1782 1029 1853 1111 1).

693 1139 894 1218 Quem
936 1159 1118 1206 usum
1159 1141 1510 1222 particulae
1559 1142 1691 1222 ,ita‘
1722 1161 1761 1207 a
1790 1141 2203 1222 scriptoribus
2232 1141 2446 1207 latinis
2475 1141 2749 1208 omnium

528 1257 812 1320 aetatum
854 1253 1108 1319 minime
1151 1273 1292 1320 esse
1337 1255 1612 1320 alienum
1671 1260 1740 1320 et
1782 1253 1862 1318 ad
1906 1253 2407 1336 epiphonematis
2452 1253 2616 1335 quod
2656 1254 2747 1319 di-

529 1366 710 1442 citur,
753 1365 1018 1447 figuram
1060 1367 1443 1440 rhetoricam
1485 1389 1524 1433 a
1564 1369 1992 1448 grammaticis
2033 1369 2317 1434 revocari
2359 1367 2663 1434 addimus.

693 1480 872 1547 Alius
915 1481 1170 1562 generis
1215 1483 1567 1564 exemplum
1609 1483 1931 1549 invenitur
1968 1484 2032 1547 in

860 1597 1020 1662 Eun.
1066 1617 1123 1662 V.
1175 1600 1291 1662 187
1333 1615 1424 1680 sq.
1471 1598 1606 1664 Rus
1648 1596 1781 1663 ibo:
1833 1597 1917 1663 ibi
1960 1601 2061 1662 me
2104 1596 2435 1663 macerabo
2475 1596 2748 1664 biduom.

952 1710 1052 1777 Ita
1092 1710 1308 1778 facere
1353 1718 1697 1779 certumst:
1742 1731 1877 1778 mos
1920 1712 2271 1794 gerundust
2312 1710 2551 1778 Thaidi.

530 1823 668 1890 Hoc
721 1824 855 1890 loco
911 1825 1183 1907 quodam
1237 1826 1421 1893 modo
1479 1846 1601 1892 uno
1663 1826 1962 1893 vocabulo
2016 1828 2145 1908 ,ita‘
2203 1826 2503 1908 repititur
2557 1833 2751 1909 atque

531 1937 1084 2020 comprehenditur
1125 1940 1191 2005 id
1248 1939 1413 2022 quod
1471 1945 1663 2006 antea
1716 1939 1954 2006 dictum
2015 1945 2117 2006 est
2139 1941 2212 2023 ²).
2300 1941 2554 2007 Braune
2595 1941 2663 2020 (1.
2707 1941 2747 2006 l.

528 2071 589 2133 p.
637 2052 745 2135 14)
783 2053 1231 2120 animadvertit
1272 2053 1620 2120 locutiones
1664 2054 1777 2134 ‚ita
1831 2053 2043 2119 facere
2088 2057 2414 2119 certumst‘
2487 2054 2750 2134 ,consili-

528 2173 700 2234 umst
741 2168 836 2234 ita
881 2167 1111 2234 facere‘
1157 2169 1393 2234 similes
1440 2169 1671 2250 ubique
1718 2187 1857 2234 esse
1880 2219 1895 2248 ,
1955 2186 2119 2250 quae
2163 2167 2329 2233 alter
2369 2166 2545 2248 dixit,
2588 2187 2752 2234 com-

531 2280 857 2364 probantis
899 2288 1092 2364 atque
1135 2281 1481 2363 adnotavit,
1521 2282 1688 2348 hunc
1733 2300 2004 2361 versum,
2048 2280 2155 2347 ubi
2173 2283 2239 2346 in
2266 2299 2558 2346 sermone
2592 2282 2751 2347 eius-

528 2395 674 2462 dem
717 2401 926 2462 exstet
972 2397 1082 2477 ,ita
1119 2396 1329 2462 facere
1353 2400 1703 2475 certumst‘,
1746 2397 2199 2478 interpolatum
2244 2413 2384 2461 esse
2426 2414 2568 2460 cum
2610 2396 2751 2462 aliis

528 2509 609 2576 de
684 2511 888 2576 causis
957 2528 1266 2592 apparere
1336 2516 1472 2576 tum
1541 2510 1708 2592 quod
1776 2509 1842 2573 in
1914 2508 2125 2574 codice
2192 2508 2493 2574 Bembino
2564 2508 2747 2577 desit.

530 2623 836 2690 Dziatzko
879 2643 1024 2690 eum
1065 2625 1241 2690 uncis
1280 2624 1538 2690 inclusit
1580 2623 1892 2689 Hoelzero
1937 2629 2003 2689 et
2048 2621 2325 2687 Braunio
2367 2622 2750 2703 auctoribus,

532 2738 757 2821 quibus
797 2739 932 2821 ipse
978 2737 1276 2803 assentiri
1316 2756 1439 2804 non
1479 2735 1716 2802 dubito.

693 2852 858 2935 (,Ita‘
882 2848 1241 2932 enventum‚
1272 2870 1457 2933 quem
1482 2869 1576 2930 ea,
1611 2869 1774 2932 quae
1797 2855 2157 2928 narrantur,
2188 2848 2544 2927 habuerint,
2572 2853 2756 2915 notat

532 2964 599 3031 in
638 2966 794 3032 Hec.
841 2967 999 3048 prol.
1044 2967 1128 3032 20
1163 2982 1254 3047 sq.

953 3079 1220 3157 ,Perfeci
1260 3084 1335 3144 ut
1375 3084 1852 3161 spectarentur:
1896 3077 2003 3170 ubi
2045 3084 2195 3144 sunt
2237 3077 2544 3159 cognitae,

952 3195 1235 3261 Placitae
1277 3201 1446 3261 sunt.
1532 3195 1634 3259 Ita
1678 3200 1930 3276 poetam
1971 3193 2227 3258 restitui
2268 3194 2333 3258 in
2376 3192 2632 3272 locum‘;

529 3310 637 3377 ubi
682 3311 815 3392 ,ita‘
857 3311 1026 3376 idem
1051 3315 1170 3375 *est
1213 3309 1378 3392 quod
1425 3308 1558 3388 ,hoc
1600 3307 1804 3374 modo‘
1828 3311 1897 3385 ³).
1986 3307 2205 3388 Neque
2232 3307 2420 3372 aliter
2440 3306 2755 3388 particula

533 3424 662 3504 ‚sic‘
700 3425 954 3508 ponitur
993 3424 1060 3488 in
1102 3424 1255 3489 Hec.
1299 3443 1358 3489 v.
1403 3424 1525 3487 598

956 3538 1078 3618 ,Sic
1117 3543 1396 3619 optume,
1440 3540 1514 3602 ut
1557 3555 1675 3618 ego
1718 3536 1955 3617 opinor,
1988 3535 2208 3601 omnis
2251 3552 2473 3600 causas
2514 3533 2754 3615 praeci-

2023 3648 2169 3716 dam
2211 3647 2544 3726 omnibus.)

698 3765 820 3833 Pro
859 3767 1174 3849 particula
1229 3766 1357 3847 ,ita‘
1399 3803 1483 3814 —
1526 3765 1589 3831 in
1650 3764 2167 3847 epiphonematis,
2240 3762 2405 3846 quod
2467 3761 2754 3844 diximus,

531 3880 736 3962 figura
776 3915 859 3928 —-
903 3899 1028 3947 uno
1070 3881 1206 3947 loco
1251 3880 1380 3961 ,sic‘
1427 3879 1776 3945 adhibitum
1806 3897 1875 3944 se
1906 3879 2217 3943 invenisse
2260 3876 2429 3957 apud
2460 3875 2753 3942 Plautum

533 3993 983 4061 Weissenborn
1027 3998 1113 4076 (p.
1161 3995 1264 4076 16)
1307 3993 1775 4059 animadvertit.
1867 3992 2049 4073 Apud
2092 3991 2458 4093 Terentium
2511 4008 2755 4072 quoque

679 4239 738 4305 1)
773 4238 1041 4295 Addimus
1078 4239 1210 4296 Hor.
1250 4246 1355 4295 sat.
1396 4239 1456 4294 II
1493 4238 1542 4307 8,
1582 4236 1652 4294 ‘15
1689 4253 1771 4305 sq.

674 4339 732 4407 2)
773 4342 842 4397 cf.
883 4342 1287 4412 Naegelsbach,
1326 4342 1452 4399 Lat.
1495 4339 1642 4398 Stil.'¹
1682 4341 1731 4412 S.
1774 4341 1893 4409 197,
1937 4340 1985 4396 1.

677 4443 733 4512 3)
776 4444 846 4500 cf.
885 4445 1110 4500 Braune
1145 4462 1198 4522 p.
1237 4444 1323 4504 22.
