3300 4984
1474 407 1945 508 -69-.

911 597 1140 665 Heaut.
1183 598 1328 665 211.
1371 596 1506 678 Ego
1548 594 1650 662 ibo
1672 595 1817 660 hinc
1838 596 2025 679 intro,
2067 586 2141 662 ut
2169 595 2418 662 videam
2448 596 2621 664 vobis
2649 597 2798 681 quid

2209 729 2404 778 cenae
2445 713 2585 779 siet.

909 827 1070 892 Eun.
1113 829 1253 892 921.
1300 824 1408 891 Ibo
1453 825 1641 906 intro,
1687 823 1765 889 de
1811 824 2163 906 cognitione
2185 830 2258 891 ut
2296 831 2540 892 certum
2582 827 2795 894 sciam.

911 940 1178 1021 Adelph.
1226 942 1371 1005 277.
1419 940 1553 1019 Ego
1595 938 1677 1003 ad
1724 937 1929 1004 forum
1972 937 2090 1020 ibo,
2136 945 2209 1004 ut
2248 941 2416 1006 hunc
2457 940 2794 1009 absolvam.

1231 1055 1370 1118 632.
1416 1050 1515 1116 Ad
1557 1052 1701 1118 illas
1743 1051 1862 1132 ibo,
1909 1056 1983 1116 ut
2021 1069 2287 1134 purgem
2331 1072 2447 1120 me.

742 1169 1052 1234 Futurum
1099 1169 1502 1249 ,conveniam‘
1547 1166 1899 1233 coniunctio
1943 1170 2053 1248 ,ut‘
2098 1169 2387 1251 sequitur
2403 1155 2425 1236 :⁸

910 1282 1172 1364 Adelph.
1219 1283 1362 1348 636.
1407 1282 1542 1364 Ego
1566 1281 1944 1346 Aeschinum
1967 1282 2353 1363 conveniam,
2375 1287 2447 1349 ut
2471 1301 2592 1366 quo
2614 1285 2798 1352 modo

1852 1400 1998 1461 acta
2039 1394 2196 1462 haec
2238 1396 2368 1462 sint
2408 1398 2587 1466 sciat.

741 1511 1007 1577 Sensum
1053 1511 1106 1575 si
1147 1509 1536 1592 respicimus,
1578 1507 1703 1574 huc
1746 1508 2030 1589 pertinet
2067 1510 2256 1576 etiam

909 1626 1069 1691 Eun.
1115 1645 1171 1690 v.
1215 1627 1358 1690 739.
1408 1622 1611 1688 Credo
1670 1623 1962 1704 equidem
2014 1615 2193 1689 'illum
2250 1624 2379 1690 iam
2430 1624 2797 1692 adfuturum

1565 1753 1733 1816 esse,
1782 1742 1857 1802 ut
1897 1734 2072 1801 illam
2115 1754 2154 1800 a
2194 1755 2296 1803 me
2340 1738 2585 1820 eripiat.

575 1853 735 1918 Nam
778 1851 1143 1918 adfuturum
1207 1869 1347 1916 esse
1410 1850 1580 1915 idem
1646 1850 1861 1915 valere
1927 1848 2091 1930 quod
2154 1849 2575 1916 adventurum
2639 1870 2798 1934 esse,

575 1967 971 2047 cognoscitur
1016 1985 1092 2031 ex
1134 1964 1362 2044 verbis,
1407 1981 1569 2045 quae
1614 1968 1970 2045 sequuntur
2012 1964 2165 2043 ,sine
2207 1964 2461 2030 veniat‘.

740 2081 835 2146 Ex
877 2081 1016 2146 aliis
1037 2080 1372 2146 verborum
1409 2078 1700 2144 movendi
1729 2076 1949 2143 formis
1979 2078 2332 2145 coniunctio
2374 2080 2489 2160 ,ut‘
2528 2080 2795 2162 pendet:

909 2195 1062 2261 Hec.
1108 2196 1250 2260 324.
1317 2193 1508 2259 Cesso
1559 2192 1705 2257 hinc
1758 2194 1853 2257 ire
1910 2191 2096 2273 intro,
2162 2197 2237 2259 ut
2276 2193 2395 2260 hoc
2442 2212 2631 2276 quam
2671 2195 2799 2278 pri-

1373 2326 1566 2391 mum,
1611 2305 1913 2388 quidquid
1958 2312 2076 2386 est,
2120 2313 2297 2372 certo
2340 2308 2587 2375 sciam?

911 2423 1101 2489 Audr.
1149 2426 1273 2490 740
1314 2441 1406 2504 sq.
1451 2422 1782 2501 Revertor,
1837 2427 2171 2504 postquam
2214 2440 2376 2503 quae
2418 2441 2575 2505 opus
2617 2421 2796 2490 fuere

1652 2613 1666 2628 ·
2212 2535 2294 2600 ad
2334 2537 2589 2618 nuptias

957 2655 964 2660 ’
1005 2651 1252 2716 Gnatae
1295 2649 1531 2731 paravi,
1575 2654 1650 2714 ut
1690 2647 1938 2714 iubeam
1984 2648 2239 2714 accersi.
2327 2664 2332 2668 ·

913 2765 1069 2830 Eun.
1115 2767 1236 2828 363
1280 2782 1354 2845 sq
1416 2763 1527 2829 Ch.
1574 2764 1711 2841 Quo
1753 2781 1917 2828 nunc
1960 2763 2061 2828 is?
2103 2764 2212 2829 Pa.
2259 2764 2546 2845 Domum,

1001 2880 1092 2945 Ut
1133 2877 1462 2958 mancupia
1502 2875 1680 2956 haec,
1749 2877 1843 2942 ita
1900 2877 1996 2942 uti
2050 2877 2237 2945 iussit
2275 2876 2497 2956 frater,
2568 2878 2795 2946 ducam

2138 2993 2220 3058 ad
2262 2992 2581 3058 Thaidem.

960 3160 990 3193 ,‚
1109 3111 1230 3174 807
1273 3125 1363 3188 sq.
1409 3105 1618 3186 Thais,
1664 3123 1781 3187 ego
1824 3123 1900 3170 eo
1942 3105 2025 3171 ad
2065 3106 2451 3189 Sophronam

1001 3223 1327 3288 Nutricem
1343 3274 1358 3303 ,
1424 3225 1497 3286 ut
1552 3237 1692 3284 eam
1744 3218 2052 3285 adducam
2108 3227 2182 3287 et·
2230 3221 2411 3300 signa
2463 3221 2795 3288 ostendam

2404 3335 2581 3403 haec.
2614 3373 2619 3379 ·

914 3451 1144 3515 Heaut.
1194 3451 1372 3514 1046.
1421 3450 1595 3515 Exeo
1639 3468 1791 3531 ergo
1832 3455 1905 3516 ut
1945 3465 2163 3530 pacem
2206 3448 2547 3516 conciliem.

909 3563 1158 3629 Phorm.
1192 3565 1313 3629 897
1344 3581 1438 3645 sq.
1484 3564 1804 3641 Quantum
1834 3565 2064 3644 potest,
2110 3579 2275 3627 nunc
2296 3563 2798 3630 conveniundust

2272 3674 2584 3757 Phormi0,

1003 3770 1186 3860 Prius
1224 3811 1410 3875 quam
1451 3789 1759 3872 dilapidat
1799 3795 2069 3856 nostras·
2090 3789 2357 3870 triginta
2393 3791 2598 3856 minas

998 3909 1090 3975 Ut
1135 3906 1510 3974 auferamus.

913 4021 1180 4105 Adelph.
1227 4023 1368 4087 706.
1409 4021 1542 4100 Ego
1587 4037 1661 4085 eo
1703 4017 1905 4098 intro,
1971 4023 2045 4084 ut
2086 4035 2247 4099 quae
2292 4036 2449 4099 opus
2492 4025 2644 4086 sunt
2676 4039 2795 4101 pa-

2340 4136 2583 4199 rentur.

914 4249 1106 4315 Andr.
1150 4251 1292 4313 355.
1351 4246 1661 4312 Continua
1703 4244 1785 4310 ad
1834 4248 1900 4310 te
1957 4261 2303 4325 properans
2356 4264 2659 4326 percurro
2714 4245 2795 4312 ad

1617 4360 1841 4438 forum,
1888 4365 1961 4423 ut
2005 4356 2206 4422 dicam
2250 4358 2409 4424 haec
2450 4359 2582 4427 tibi.

912 4478 1158 4544 Phorm.
1209 4475 1330 4540 592
1371 4491 1464 4555 sq.
1511 4473 1710 4538 Venio
1756 4472 1837 4536 ad
1880 4470 2216 4551 hominem,
2260 4477 2333 4536 ut
2375 4471 2651 4538 dicerem
2698 4522 2713 4539 .
2742 4524 2797 4544 ..

2397 4587 2433 4626 't
