3300 4984
1445 377 1863 444 ...85-

875 552 1072 619 Andr.
1115 555 1256 621 256.
1307 554 1597 637 Obstipui
1644 606 1659 620 .
1704 573 1955 622 censem
2012 573 2115 621 me
2173 553 2433 622 verbum
2487 556 2768 639 potuisse

1978 669 2177 736 ullum
2219 671 2555 754 proloqui?

716 783 1221 864 Interrogatione
1261 789 1331 848 ut
1371 783 1464 848 ita
1507 781 1711 848 dicam
1755 784 2093 864 rhetorica,
2137 804 2300 867 quae
2341 786 2621 854 hocloco
2660 806 2766 853 ex-

547 903 697 978 stat,
763 915 904 963 cum
947 915 1130 963 nemo
1172 896 1357 976 adsit,
1439 898 1544 979 qui
1586 875 2020 978 interrogetur
2063 899 2165 965 vel
2208 900 2595 982 appelletur,
2662 921 2770 968 ex-

549 1012 839 1094 plicatur,
901 1010 1050 1093 quid
1095 1012 1379 1078 evenerit
1441 1030 1518 1078 ex
1576 1031 1678 1091 eo,
1737 1011 1901 1094 quod
1957 1013 2345 1095 Pamphilius
2387 1013 2769 1099 ,obstupuit‘,

550 1131 624 1191 ut
666 1125 800 1191 eius
842 1125 978 1190 loco
1020 1126 1416 1190 enuntiatum
1438 1127 1904 1191 consecutivum
1927 1128 2221 1208 usurpari
2247 1130 2467 1210 possit.
2513 1130 2770 1196 Minime

552 1239 892 1306 abhorrere
953 1239 1354 1306 manifestum
1411 1246 1510 1305 est
1569 1239 1687 1306 hoc
1743 1258 1943 1320 genns
1996 1240 2245 1307 dicendi
2289 1261 2329 1308 a
2370 1249 2583 1310 nostro
2637 1263 2772 1311 ser-

554 1374 756 1434 mone,
798 1373 920 1436 quo
963 1353 1290 1436 aptissime
1331 1353 1509 1419 illum
1555 1355 1760 1420 locum
1803 1355 1893 1420 sic
1937 1357 2271 1422 vertimus:
2356 1358 2486 1438 ,Ich
2542 1358 2647 1425 bin
2702 1379 2773 1426 so

525 1467 1008 1547 ·erschrocken;
1079 1467 1333 1548 glaubst
1375 1467 1462 1532 du
1479 1519 1495 1547 ,
1544 1466 1647 1532 ich
1689 1468 1870 1533 hatte
1914 1468 2013 1533 ein
2055 1469 2239 1535 Wort
2280 1469 2774 1554 hervorbringen

551 1581 804 1647 konnen
819 1580 876 1648 P‘

885 1695 1044 1760 Eun.
1093 1696 1234 1762 105.
1305 1695 1538 1761 Plenus
1591 1694 1897 1762 rimarum
1953 1715 2127 1776 sum,
2207 1697 2325 1764 hac
2378 1707 2571 1781 atque
2627 1701 2773 1768 illac

2348 1813 2561 1880 erfluo.

888 1922 1120 1989 Heaut.
1165 1925 1282 1988 451
1330 1941 1465 2007 sqq.
1512 1921 1789 1988 Primum
1824 1923 1949 1988 iam
1989 1922 2249 1990 ancillas
2269 1832 2484 1993 sgcum
2511 1926 2778 1995 adduxit

2138 2038 2281 2120 plus
2325 2039 2564 2120 decem,

979 2150 1290 2216 Oneratas
1334 2156 1514 2216 veste
1556 2155 1749 2232 atque
1791 2169 1976 2217 auro:
2021 2156 2282 2233 satrapa
2324 2154 2379 2219 si
2420 2155 2545 2220 siet

981 2268 1261 2344 Amator,
1300 2282 1639 2346 numquam
1683 2263 1950 2330 sufferre
1995 2264 2132 2330 eius
2173 2273 2463 2349 sumptus
2500 2278 2713 2350 queat.

892 2379 1044 2444 Hec.
1090 2381 1214 2444 270
1255 2397 1346 2460 sq.
1389 2379 1524 2459 Ego
1569 2395 1708 2442 sum
1754 2377 1960 2444 animo
2006 2377 2135 2443 leni
2175 2386 2395 2449 natus:

960 2490 1098 2556 Non
1136 2509 1391 2572 possum
1435 2489 1760 2556 advorsari
1800 2490 1976 2557 meis.

935 2657 966 2690 „
1080 2609 1220 2672 710.
1305 2605 1580 2671 Amarae
1635 2603 1934 2671 mulieres
1988 2612 2157 2687 sunt,
2227 2626 2350 2675 non
2395 2608 2577 2675 facile
2619 2609 2777 2677 haec

2326 2721 2560 2788 ferunt.

721 2837 846 2904 Sed
887 2836 1105 2903 eodem
1147 2836 1282 2901 fere
1323 2836 1480 2915 iure,
1525 2855 1646 2917 quo
1690 2833 1953 2901 dicimus
1994 2837 2057 2900 in
2102 2834 2199 2902 his
2230 2839 2531 2920 exemplis
2558 2844 2770 2921 poste-

559 2953 726 3020 riore
784 2953 1108 3018 enuntiato
1170 2957 1464 3017 eventum
1520 2950 1806 3029 indicari,
1878 2951 2088 3033 priore
2150 2971 2405 3018 causam
2469 2954 2778 3021 contineri

551 3070 847 3132 statuere
891 3066 1060 3130 licet.
1147 3065 1308 3129 Nam
1352 3072 1536 3129 tanta
1592 3063 1940 3129 necessitas
1996 3065 2337 3131 intercedit
2376 3066 2545 3131 inter
2585 3067 2780 3132 ratio-

561 3198 710 3246 nem
753 3179 1069 3245 causalem
1114 3185 1180 3244 et
1223 3177 1705 3256 consecutivam,
1753 3183 1824 3242 ut
1860 3177 2257 3243 enuntiatum
2299 3180 2766 3245 consecutivum

563 3293 729 3376 quod
770 3294 1202 3358 coniunctione
1260 3295 1369 3371 ,ut‘
1425 3291 1845 3372 subiungitur,
1909 3291 2204 3357 facillime
2261 3293 2326 3358 in
2385 3295 2782 3360 enuntiatum

563 3409 930 3490 primarium
974 3408 1207 3472 mutari
1247 3407 1464 3488 possit,
1510 3407 1609 3471 cui
1652 3405 1927 3470 alterum
1972 3406 2370 3472 enuntiatum
2410 3408 2782 3489 praemitta-

565 3528 690 3602 tur,
765 3539 886 3614 quo
945 3538 1136 3586 causa
1186 3521 1562 3587 continetur.
1648 3514 1870 3600 Neque
1912 3518 2196 3600 profecto
2241 3539 2561 3602 negamuS,
2634 3540 2785 3586 non-

565 3653 881 3717 nunquam
939 3635 1039 3699 vix
1097 3639 1271 3699 certe
1331 3632 1577 3699 definiri
1629 3651 1833 3715 posse,
1908 3651 2057 3698 num
2115 3633 2237 3701 duo
2293 3633 2477 3700 huius
2533 3636 2785 3716 generis

566 3750 917 3829 enuntiata,
963 3765 1127 3829 quae
1170 3747 1339 3813 nullo
1379 3748 1623 3813 vinculo
1665 3745 1945 3811 adhibito
1988 3746 2167 3812 iuxta
2208 3766 2277 3811 se
2311 3755 2649 3829 ponuntur,
2692 3747 2786 3814 ita

566 3861 980 3940 cohaereant,
1039 3868 1112 3926 ut
1151 3860 1424 3926 alterum
1469 3860 1658 3926 alteri
1676 3911 1690 3938 ,
1745 3860 1797 3925 si
1840 3859 1965 3924 vim
2008 3879 2224 3927 eorum
2268 3860 2782 3954 consideraveriS,

566 3976 882 4045 severiore
950 3975 1244 4057 loquendi
1310 3975 1554 4040 ratione
1626 3973 2129 4056 subiungendum
2195 3975 2296 4041 sit.
2382 3975 2591 4052 Quare
2662 3994 2787 4040 non

566 4091 887 4171 parataxis
931 4088 1198 4154 formam
1241 4087 1683 4169 hypotacticae
1741 4093 2102 4153 structurae
2157 4088 2289 4153 loco
2346 4106 2679 4153 occurrere
2722 4089 2788 4152 in

569 4204 869 4285 exemplis
911 4221 1102 4285 supra
1160 4202 1401 4280 allatiS,
1471 4201 1583 4267 sed
1643 4202 1871 4266 merito
1929 4200 2052 4266 duo
2106 4202 2435 4267 enuntiata
2486 4202 2789 4283 primaria

568 4319 952 4398 paratactice
997 4317 1164 4381 inter
1205 4335 1274 4380 se
1319 4317 1606 4395 coniungi
1653 4315 1903 4392 dixeris,
1981 4334 2122 4380 cum
2167 4315 2443 4380 eiusdem
2491 4316 2619 4382 sint
2660 4335 2788 4381 mo—

571 4433 769 4497 menti
840 4450 1044 4513 neque
1113 4429 1527 4510 subiungendi
1599 4431 1909 4494 rationem
1972 4431 2320 4512 requirant.
2409 4431 2535 4496 Sed
2597 4430 2791 4498 verba
