3300 4984
1446 389 1863 456 „32-

552 563 866 649 particula
909 566 1038 652 ,sic‘
1083 569 1248 636 hunc
1293 587 1478 636 usum
1519 586 1676 651 prae
1718 587 1789 635 se
1832 569 2000 636 ferre
2044 567 2298 634 videtur
2336 585 2461 634 uno
2498 567 2654 647 loco,
2716 563 2772 630 si

552 681 876 763 vulgatam
918 683 1250 750 lectionem
1291 684 1632 765 sequimur.

887 797 1046 863 Eun.
1093 799 1209 862 311
1256 815 1347 880 sq.
1397 797 1522 862 Fac
1565 797 1653 864 sis
1693 815 1858 863 nunc
1899 797 2209 878 promissa
2247 796 2632 878 adpareant:

973 903 1076 971 Sic
1127 903 1286 970 adeo
1327 905 1517 986 digna
1567 922 1675 970 res
1732 909 1849 986 est,
1902 903 2009 970 ubi
2062 910 2136 971 tu
2194 921 2424 970 nervos
2479 901 2775 968 intendas

2396 1022 2562 1085 tuos.

554 1129 735 1196 Hanc
778 1129 1168 1197 Fleckeiseni
1227 1132 1682 1212 coniecturam,
1752 1150 1939 1214 quam
1998 1132 2191 1198 etiam
2234 1129 2669 1213 Umpfenbach
2710 1131 2775 1196 in

555 1248 802 1310 textum
843 1246 1104 1327 recepit,
1147 1246 1407 1327 Langen
1448 1244 1757 1328 probavit,
1801 1264 1940 1312 cum
1971 1245 2348 1328 particulam
2392 1243 2591 1324 ,adeo‘
2634 1261 2777 1309 cum

559 1359 687 1440 ‚sic‘
753 1359 1250 1442 coniungendam
1309 1378 1448 1427 esse
1518 1364 1617 1442 (ut
1670 1359 1736 1424 in
1789 1359 2054 1442 Adelph.
2116 1361 2237 1425 710
2292 1376 2435 1426 cum
2491 1358 2776 1441 ,itaque‘)

556 1477 892 1538 statueret.
979 1474 1234 1539 Braune
1288 1472 1376 1557 (p.
1421 1477 1502 1539 36
1547 1479 1667 1556 sq.)
1723 1473 2011 1540 concedit
2068 1473 2179 1552 ,sic
2234 1473 2412 1539 adeo‘
2470 1490 2585 1538 suo
2640 1471 2779 1537 iure

557 1584 678 1650 dici
734 1604 920 1668 posse
975 1605 1174 1669 aeque
1233 1593 1425 1668 atque
1488 1586 1657 1668 ,inde
1712 1587 1889 1653 adeo‘
1908 1638 1923 1668 ,
1993 1587 2225 1670 ,itaque
2280 1585 2493 1667 adeo‘;
2565 1590 2779 1650 tamen

555 1699 730 1767 illam
773 1701 1164 1768 Fleckeiseni
1223 1702 1648 1768 coniecturam
1705 1721 1829 1769 non
1886 1701 2130 1784 probat,
2199 1701 2366 1785 quod
2422 1701 2579 1766 satis
2635 1719 2777 1783 per-

557 1833 815 1882 suasum
855 1835 978 1882 non
1018 1816 1271 1898 habeat,
1319 1816 1514 1883 verba
1556 1818 1666 1899 ,sic
1696 1817 1874 1882 adeo‘
1918 1837 2033 1899 pro
2072 1816 2553 1899 epiphonemate
2582 1814 2782 1897 accipi

557 1949 763 2012 posse,
808 1949 949 1996 cum
995 1931 1120 2011 ,sic‘
1165 1949 1473 2014 nusquam
1513 1931 1634 1998 hoc
1678 1931 1859 1998 modo
1916 1930 2085 2014 apud
2141 1931 2383 2013 priscas
2436 1929 2781 2012 scriptores

558 2044 831 2126 positum
872 2044 1232 2110 inveniatur
1271 2081 1354 2092 --
1399 2050 1660 2126 excepto
1718 2045 1855 2129 (illo
1911 2064 1949 2110 a
2007 2043 2517 2110 Weissenbornio
2560 2043 2780 2122 allato)

559 2156 786 2223 Pseud.
833 2177 890 2225 V.
939 2161 1100 2223 1129
1119 2209 1134 2238 ,
1207 2158 1314 2224 ubi
1366 2157 1556 2224 lectio
1607 2158 1855 2224 incerta
1910 2159 2014 2238 sit,
2086 2175 2228 2222 cum
2286 2155 2535 2224 codices
2593 2157 2781 2222 aliam

559 2273 724 2339 alius
788 2272 1130 2340 exhibeant
1190 2273 1544 2339 lectionem.
1629 2273 1852 2356 Neque
1914 2273 2042 2354 ,sic‘
2105 2274 2199 2338 ita
2252 2271 2543 2352 intellegi
2595 2289 2783 2354 posse

563 2388 794 2471 pergit,
840 2394 914 2455 ut
954 2386 1037 2454 ad
1081 2405 1174 2468 ea,
1219 2406 1382 2470 quae
1425 2393 1799 2470 sequuntur,
1844 2391 2111 2468 spectet,
2154 2404 2296 2452 cum
2330 2385 2679 2466 enuntiata,
2716 2385 2783 2449 in

561 2501 786 2586 quibus
830 2502 960 2583 ,sic‘
1002 2503 1122 2569 hac
1164 2501 1411 2569 ratione
1454 2500 1852 2581 adhibeatur,
1896 2501 2057 2566 alius
2100 2500 2227 2565 sint
2270 2514 2531 2581 prorsus
2572 2496 2780 2565 condi-

559 2616 772 2683 cionis.
861 2617 1070 2694 Quare
1110 2616 1317 2681 locum
1370 2615 1789 2681 reconditiore
1834 2614 2045 2696 aliqua
2088 2613 2449 2694 corruptela
2490 2611 2781 2679 laborare

559 2730 832 2813 colligit3
902 2729 1068 2813 quod
1110 2729 1362 2813 quidem
1406 2749 1481 2796 eo
1521 2728 1777 2812 probari
1819 2727 1937 2795 sibi
1978 2727 2178 2794 videri
2220 2727 2400 2808 dicit,
2444 2726 2609 2810 quod
2656 2725 2781 2793 Do-

560 2849 750 2910 natus
808 2843 993 2910 testis
1055 2844 1136 2909 sit
1200 2863 1257 2907 v.
1315 2845 1438 2907 312
1501 2845 1566 2908 in
1627 2841 2001 2925 quibusdam
2070 2840 2384 2907 codicibus
2446 2859 2573 2906 non
2633 2837 2779 2920 legi.

561 2955 973 3024 Scribendum
1013 2957 1148 3040 ipse
1191 2957 1444 3022 Braune
1486 2957 1809 3040 proponit:
1857 2956 2049 3037 ,Haec
2090 2955 2249 3022 adeo
2286 2955 2477 3038 digna
2504 2973 2611 3022 res
2640 2947 2779 3035 est‘,

563 3073 918 3138 sententiae
959 3071 1212 3154 quidem
1252 3076 1422 3157 apte,
1465 3078 1541 3138 ut
1579 3072 1675 3138 ait
1714 3071 2018 3138 Dziatzko
2058 3070 2125 3136 in
2168 3069 2313 3136 adn.
2359 3071 2496 3138 crit.
2542 3069 2625 3134 ad
2654 3069 2715 3136 h.
2739 3070 2781 3134 l.

564 3186 820 3267 scripta.
908 3186 1145 3251 Tamen
1188 3185 1290 3250 hic
1331 3185 1567 3251 Brauni
1611 3185 2036 3252 coniecturam
2078 3203 2202 3250 non
2245 3185 2503 3266 recepit,
2550 3183 2665 3249 sed
2693 3183 2783 3249 sic

563 3297 782 3364 scribit
845 3299 982 3378 ,Est
1023 3298 1182 3385 adeo
1223 3297 1414 3380 digna
1455 3303 1751 3378 res[est]‘,
1821 3317 1963 3364 cum
2004 3301 2157 3379 ,est‘·
2187 3297 2443 3380 propius
2486 3296 2568 3362 ad
2611 3281 2777 3365 codi-

566 3430 709 3478 cum
749 3411 1081 3479 lectionem
1125 3411 1430 3478 accedere
1473 3416 1763 3493 exponat.
1848 3411 2208 3478 Particulae
2254 3410 2383 3492 ‚sic‘
2427 3411 2631 3477 locum
2660 3428 2784 3476 non

565 3545 708 3592 esse
747 3524 926 3593 nobis
968 3545 1214 3610 quoque
1255 3524 1629 3609 persuasum
1674 3530 1792 3607 est,
1834 3526 1947 3592 sed
1989 3526 2295 3608 quomodo
2337 3544 2558 3592 versus
2598 3525 2785 3592 resti*

569 3639 840 3707 tuendus
885 3642 990 3722 sit,
1034 3660 1156 3708 non
1199 3641 1505 3708 audemus
1547 3641 1927 3708 discernere.

736 3754 1057 3822 Particula
1120 3737 1340 3836 ‚adens
1374 3774 1500 3823 uno
1556 3757 1692 3822 loco
1757 3755 2138 3822 Terentiano
2194 3755 2523 3822 enuntiato
2578 3761 2786 3838 poste-

567 3868 722 3936 riori
735 3919 750 3950 ‚
815 3887 937 3950 quo
981 3887 1172 3935 causa
1213 3868 1440 3951 prioris
1495 3869 1884 3949 continetur,
1946 3869 2011 3933 in
2059 3868 2541 3951 epiphonemate
2582 3869 2787 3935 adiec-

566 3989 706 4050 tum
733 3988 850 4058 ⁴est
875 3984 957 4067 ²):

719 4160 773 4228 1)
812 4159 1047 4228 Langen
1087 4158 1125 4214 l.
1163 4158 1199 4213 l.
1237 4175 1290 4228 p.
1314 4159 1418 4214 139
1456 4162 1844 4214 commemorat
1860 4159 2121 4214 Plautum
2148 4157 2427 4228 particula
2464 4156 2641 4226 ‚adeo⁸
2680 4171 2789 4211 non

569 4264 655 4319 ita
691 4279 850 4318 usum
888 4277 1025 4331 esse,
1061 4268 1128 4317 ut
1165 4261 1236 4317 ad
1275 4277 1358 4331 ea,
1398 4276 1541 4330 quae
1577 4263 1935 4332 praecedunt,
1974 4267 2217 4332 spectet;
2256 4265 2323 4316 ut
2360 4264 2554 4316 autem
2576 4257 2787 4315 Handii

573 4364 909 4421 sententiam
947 4361 1188 4435 refellat,
1244 4363 1338 4433 qui
1377 4363 1561 4432 (Turs.
1598 4365 1644 4433 I,
1685 4363 1815 4434 150)
1852 4365 1995 4419 hunc
2030 4362 2345 4434 particulae
2382 4375 2541 4418 usum
2578 4361 2657 4417 eis
2696 4361 2789 4417 de-

572 4484 719 4528 mum
768 4467 1127 4544 scriptoribus
1140 4506 1155 4536 ,
1217 4465 1312 4539 qui
1363 4471 1492 4542 post
1541 4465 1858 4526 Ciceronem
1906 4467 2153 4533 fuerunt,
2210 4462 2428 4536 tribuit,
2476 4469 2595 4522 tres
2643 4464 2792 4522 locos
