3300 4984
1440 379 1855 448 ...28-

875 565 999 630 sat.
1042 560 1106 628 Π
1145 563 1292 642 5,Ίό
1333 580 1466 646 sqq.
1508 562 1812 644 Putasne,

965 675 1236 745 Perduci
1270 678 1508 759 poterit
1547 682 1683 744 tam
1721 677 1891 760 frugi
1932 681 2188 760 tamque
2232 675 2475 759 pudica,

966 789 1167 870 Quam
1203 791 1502 874 nequiere
1545 791 1720 874 proci
1759 797 1935 858 recto
1976 789 2299 874 depellere
2340 791 2573 856 cursu?

708 922 783 988 In
812 919 1020 990 verbis
1062 922 1378 990 sentiendi
1405 929 1474 991 et
1495 923 1859 992 declarandi
1888 931 1957 992 et
1978 923 2205 990 Holtze
2237 924 2333 1006 (Π
2352 923 2526 1006 227),
2573 941 2759 1006 quem

541 1033 830 1120 Draeger
870 1037 950 1122 (ἓ.
987 1039 1129 1120 369,
1174 1037 1241 1124 9)
1295 1043 1552 1106 secutus
1596 1045 1729 1121 est,
1784 1044 1852 1106 et
1904 1038 2171 1105 Kfihner
2212 1038 2311 1120 (11
2353 1038 2501 1121 758)
2542 1054 2760 1102 nume-

543 1156 849 1217 raverunt
917 1150 1296 1222 locutionem
1359 1161 1644 1234 ,certum
1670 1155 1789 1220 est‘
1807 1204 1823 1234 ,
1886 1163 2061 1236 quae·
2119 1150 2541 1233 compluribus
2608 1149 2763 1216 loeis

541 1261 849 1332 Plautinis
908 1266 1299 1348 paratactice
1355 1267 1755 1334 coniunctum
1830 1270 1931 1333 est
1984 1285 2129 1334 cum
2181 1265 2518 1335 indicativo
2557 1265 2789 1332 futuri·

540 1377 862 1461 temporis.
939 1378 1274 1452 Terentius
1330 1379 1492 1447 hanc
1524 1380 1873 1463 ,parataxis
1912 1379 2178 1446 formam
2230 1379 2546 1463 respuisse
2588 1378 2759 1445 vide-

539 1497 680 1560 tur:
753 1492 928 1560 cuius
958 1494 1036 1560 =in
1077 1492 1306 1562 fabulis
1346 1494 1468 1562 nisi
1521 1512 1666 1561 cum
1715 1493 2021 1562 infinitivo
2063 1495 2460 1563 coniunctum
2500 1512 2625 1561 non
2664 1493 2757 1558 in·

538 1609 792 1676 venitur
832 1616 1097 1691 ,certum
1139 1614 1280 1691 est‘,
1321 1628 1700 1694 quamquam
1740 1611 1985 1693 pariter
2023 1614 2216 1693 atque
2262 1608 2430 1692 apud
2460 1607 2755 1674 Plautum

537 1723 792 1806 proprie
835 1723 1076 1791 dictum
1119 1730 1241 1806 est,
1283 1729 1358 1791 ut
1399 1723 1569 1792 idem
1609 1724 1749 1792 fere
1792 1724 2025 1806 valeat,
2070 1724 2235 1808 quod
2266 1723 2611 1805 ,decretum
2656 1727 2757 1790 est

423 1923 427 1928 ι
537 1838 708 1904 mihi‘
753 1839 856 1906 vel
901 1838 1190 1922 ,decrevi‘
1213 1841 1338 1928 „vel
1358 1841 1532 1921 ‚mihi
1560 1841 1877 1924 proposui‘
1922 1845 1990 1908 et
2021 1840 2397 1906 vertendum
2423 1838 2508 1905 sit
2539 1843 2756 1904 nostro

539 1969 828 2020 sermone
871 1952 993 2033 ,ioh
1053 1952 1157 2020 bin
1199 1954 1673 2022 entschlossen‘
1696 1958 1749 2036 ²)
1836 1953 2211 2019 Addendum
2256 1960 2356 2019 est
2371 2003 2387 2033 ,
2443 1970 2568 2020 uno
2620 1952 2759 2018 loco

539 2066 956 2152 Terentiano,
1017 2067 1125 2136 ubi
1151 2075 1436 2154 ⁸,eertum
1478 2075 1596 2136 est‘
1641 2068 1953 2150 signifieat
2020 2069 2219 2157 idem,
2284 2066 2451 2151 quod
2513 2084 2765 2148 ,verum

538 2184 658 2263 est,
700 2181 1059 2249 accusativo
1102 2200 1246 2248 oum
1287 2181 1594 2249 infinitivo
1631 2181 1983 2250 subiectum
2028 2201 2170 2248 esse
2212 2199 2600 2264 expressum.

867 2315 1026 2380 Eun.
1100 2316 1239 2382 704.
1350 2315 1499 2382 Jam
1579 2315 1739 2382 satis
1807 2321 2115 2382 certumst
2190 2315 2493 2396 virginem
2572 2312 2755 2378 vitia-

2180 2433 2313 2495 tam
2355 2429 2539 2495 esse?

697 3249 787 3318 Ut
831 3248 1024 3318 verba
1065 3249 1379 3319 sentiendi
1421 3255 1489 3319 et
1529 3250 1778 3318 dicendi
1818 3250 2129 3317 obiectum
2168 3251 2503 3335 requirunt
2518 3302 2534 3332 ,
2578 3249 2740 3335 quod

533 3366 860 3433 enuntiato
904 3366 1298 3434 substantivo
1355 3366 1727 3449 plerumque
1783 3365 2091 3432 contineri
2130 3366 2295 3433 solet
2311 3415 2327 3446 ,
2389 3366 2481 3432 ita
2548 3365 2741 3433 verba

529 3480 751 3549 orandi
770 3481 1098 3547 enuntiata
1118 3469 1347 3561 fina‘lia,
1373 3499 1535 3564 quae
1555 3480 1869 3562 dicuntur,
1895 3480 2226 3546 transitiva
2248 3479 2497 3547 efficere
2524 3486 2742 3547 notum

531 3602 652 3663 est.
737 3597 1009 3664 Exstant
1044 3602 1258 3662 autem
1297 3594 1467 3678 apud
1509 3596 1775 3662 comicos
1817 3602 2040 3678 poetas
2078 3613 2203 3661 non
2245 3614 2393 3660 rara
2436 3596 2739 3678 exempla,

530 3708 636 3775 ubi
676 3708 760 3788 id,
804 3708 970 3792 quod
1011 3711 1252 3792 petitur
1267 3761 1284 3790 ‚
1357 3696 1641 3777 oratione
1684 3714 1861 3775 recta
1900 3707 2251 3790 profertur,
2322 3708 2425 3774 oui
2478 3707 2741 3775 verbum

528 3824 749 3891 orandi
777 3823 1166 3906 paratactice
1206 3819 1563 3907 'appositum
1604 3828 1725 3890 est.
1770 3823 1945 3903 Quod
1978 3829 2046 3890 et
2066 3822 2135 3892 in
2165 3823 2531 3905 parenthesi
2558 3841 2741 3888 usur-

526 3940 668 4020 pari
696 3937 1042 4005 videbimus
1089 3944 1156 4004 et
1185 3939 1600 4019 enuntiatum,
1645 3937 1811 4021 quod
1855 3955 1931 4004 ex
1975 3956 2048 4003 eo
2085 3937 2445 4020 dependere
2485 3955 2739 4020 exspec-

527 4059 738 4119 tamus
753 4101 774 4135 ,
831 4050 1215 4134 praecedere
1281 4057 1394 4117 aut
1442 4050 1759 4133 subsequi.
1838 4050 2049 4116 Primo
2118 4050 2253 4116 loco
2316 4069 2395 4116 ea
2456 4049 2743 4132 exempla

525 4183 851 4249 ponamus,
896 4165 960 4230 in
1004 4165 1229 4248 quibus
1267 4163 1527 4231 verbum
1573 4166 1847 4247 ,quaeso‘
1903 4163 2077 4231 nobis
2116 4165 2409 4232 occurrit.
2493 4163 2739 4246 Saepis-

671 4451 727 4524 1)
765 4450 836 4508 cf.
874 4451 1146 4523 Wagner,
1184 4451 1257 4508 ad
1293 4452 1502 4508 Heeut.
1537 4450 1663 4508 466.
1734 4449 1873 4507 Brix
1910 4452 1983 4508 ad
2020 4449 2172 4509 'Px-in.
2210 4450 2333 4508 270.
2352 4421 2367 4436 ’
