3300 4984
1369 420 1823 486 -113-

479 580 703 676 Itaque
752 581 819 659 in
869 586 1194 677 parataxis
1247 587 1466 662 formis
1522 603 1591 663 et
1639 616 1679 662 a
1722 596 1949 671 Plauto
1994 604 2060 666 et
2098 615 2137 664 a
2179 591 2476 666 Terentio
2521 601 2695 667 adhi-

476 708 625 775 bitis
666 710 918 776 laxioris
958 709 1126 777 illius
1169 711 1548 793 adiungendi
1578 707 1843 779 rationis
1864 714 2129 796 vestigia
2158 734 2489 781 occurrere
2520 715 2695 782 nobis

477 833 850 904 persuasum
893 832 1011 905 est,
1055 825 1238 892 cuius
1280 827 1454 907 origo
1494 828 1558 892 in
1602 829 2052 908 antiquissimis
2081 830 2334 911 linguae
2376 830 2694 896 aetatibus

477 939 839 1020 quaerenda
883 958 1022 1006 esse
1067 939 1350 1006 omnibus
1393 940 1644 1006 videtur
1660 945 1728 1024 ¹).
1818 944 1991 1020 Quae
2040 946 2499 1010 sententiarum
2559 946 2692 1009 iun-

476 1052 824 1135 gendarum
866 1055 1030 1120 ratio
1071 1054 1531 1135 simplicissima
1589 1056 1655 1120 in
1698 1056 2003 1122 sermonis
2059 1056 2339 1138 vulgaris
2396 1059 2497 1123 vel
2542 1061 2693 1123 coti-

474 1167 644 1232 diani
685 1186 804 1233 usu
845 1165 954 1234 diu
995 1173 1371 1233 conservata
1429 1174 1619 1250 atque
1679 1168 1823 1234 inde
1867 1188 1906 1233 a
1946 1169 2151 1251 poetis
2192 1171 2513 1248 scaenicis,
2587 1173 2692 1252 qui

476 1280 644 1346 illius
686 1281 994 1348 sermonis
1039 1299 1221 1346 usum
1274 1280 1612 1362 diligenter
1664 1283 1898 1347 imitari
1946 1282 2346 1361 studuerunt,
2417 1285 2691 1364 repetita

451 1400 542 1459 -et
584 1394 646 1458 in
693 1395 784 1460 eis
826 1394 1218 1476 potissimum
1258 1392 1611 1459 fabularum
1654 1394 1959 1475 partibus,
2012 1414 2173 1477 quae
2219 1393 2515 1461 diverbiis
2559 1397 2689 1462 effi-

472 1509 744 1591 ciuntur,
790 1513 1095 1590 usurpata
1137 1512 1253 1573 est.
1341 1507 1561 1589 Neque
1605 1526 1795 1573 causa
1839 1513 1955 1588 est,
1996 1527 2112 1573 cur
2152 1514 2525 1588 statuamUS,
2570 1509 2687 1575 hac

470 1623 535 1687 in
578 1641 651 1686 re
696 1621 1064 1688 Terentium
1120 1621 1253 1686 sive
1307 1621 1693 1686 Graecorum
1748 1622 2036 1702 exempla
2078 1621 2210 1688 sive
2252 1620 2543 1687 Plautum
2588 1642 2687 1688 ce-

469 1744 724 1804 terosve
767 1737 1032 1806 comicos
1077 1737 1306 1802 latinos
1348 1736 1576 1818 prioris
1608 1738 1839 1801 aetatis
1868 1736 2152 1802 consulto
2196 1753 2336 1802 esse
2376 1745 2684 1802 secutum.

470 1851 667 1917 Immo
707 1870 848 1917 cum
891 1850 955 1916 id
991 1855 1233 1932 ageret,
1276 1849 1529 1930 ,populo
1571 1856 1644 1914 ut
1691 1849 2042 1930 placerent,
2097 1868 2254 1930 quas
2298 1848 2554 1915 fecisset
2593 1848 2685 1913 fa-

469 1965 668 2031 bulas‘
711 1964 935 2046 (Andr.
980 1963 1135 2046 prol.
1184 1963 1271 2044 3),
1318 1981 1461 2027 eum
1490 1968 1666 2028 certe
1695 1965 2001 2029 sermonis
2029 1963 2323 2028 cotidiani
2352 1963 2685 2028 maximam

467 2082 775 2160 rationem
832 2078 1070 2145 habere
1126 2080 1421 2159 oportuit.
1512 2074 1691 2154 Quod
1747 2083 1962 2142 autem
2014 2075 2274 2142 Terenti
2328 2095 2685 2142 sermonem

468 2195 767 2276 aequales
814 2194 913 2259 vel
959 2191 1345 2273 Scipionibus
1408 2197 1474 2256 et
1515 2191 1746 2255 Laeliis
1791 2191 2047 2272 dignum
2091 2190 2449 2257 habuerunt
2491 2196 2715 2271 atque

469 2309 722 2390 Caesar,
768 2308 1005 2388 Cicero,
1051 2307 1159 2372 alii
1199 2306 1618 2387 posteriorum
1655 2312 1939 2370 aetatum
1963 2307 2303 2386 scriptores
2327 2307 2461 2371 eius
2482 2323 2683 2385 genus

468 2425 714 2492 dicendi
754 2425 1014 2490 summis
1058 2423 1422 2488 extulerunt
1461 2419 1769 2500 laudibuS,
1836 2419 2042 2501 colligi
2088 2425 2318 2501 potest,
2363 2419 2681 2500 parataxis

467 2557 670 2619 usum,
714 2557 901 2620 quem
943 2537 1291 2601 invenimus
1333 2535 1395 2599 in
1442 2533 1798 2613 comoediis,
1842 2551 1962 2598 non
2004 2532 2205 2598 solum
2250 2533 2521 2614 agrestis
2550 2531 2679 2612 ple-

465 2652 691 2734 beique
735 2651 1042 2718 sermonis
1063 2651 1117 2732 2)
1161 2648 1483 2731 proprium
1526 2647 1740 2726 fuisse,
1796 2645 1908 2711 sed
1953 2645 2143 2711 etiam
2188 2645 2413 2711 urbani
2468 2645 2682 2710 simul-

465 2785 586 2848 que
628 2764 974 2844 familiaris‚
1020 2781 1207 2845 quem
1246 2780 1285 2826 a
1327 2761 1625 2826 Terentio
1654 2759 2123 2841 repraesentari
2150 2759 2464 2822 neminem
2498 2757 2680 2849 fugit.

465 2883 674 2961 Atque
720 2876 1038 2942 affirmare
1079 2876 1251 2954 licet,
1291 2874 1657 2939 Terentium
1676 2925 1690 2952 ,
1763 2873 1818 2936 si
1870 2873 2122 2951 linguae
2165 2870 2402 2935 latinae
2445 2875 2679 2951 aetate,

462 3010 626 3074 quae
669 2990 898 3056 dicitur
940 3005 1169 3067 aurea,
1236 2985 1590 3051 comoedias
1630 2985 2007 3065 scripsisset,
2080 3002 2203 3048 non
2246 2984 2450 3048 minus
2490 3001 2678 3063 quam

461 3107 569 3172 illo
611 3124 734 3188 quo
774 3103 893 3170 fuit
937 3110 1224 3183 tempore
1253 3100 1610 3182 primordiis
1640 3100 2005 3164 litterarum
2046 3098 2386 3164 latinarum
2428 3097 2678 3178 propin-

464 3239 585 3304 quo
638 3219 1030 3302 paratactica
1085 3221 1410 3282 structura
1462 3232 1725 3279 usurum
1784 3213 1979 3278 fuisse
1999 3264 2013 3292 ,
2086 3213 2314 3293 quippe
2370 3228 2557 3293 quam
2614 3209 2681 3272 in

460 3337 822 3403 litterarum
864 3351 1098 3414 genere
1153 3330 1422 3412 positam
1467 3348 1606 3395 esse
1648 3335 1943 3409 apertum
1985 3328 2087 3393 sit.
2176 3325 2353 3403 Quod
2409 3325 2677 3390 maxime

461 3450 712 3532 probari
754 3447 932 3514 nobis
976 3445 1226 3512 videtur
1269 3445 1358 3510 eis
1403 3443 1726 3524 exemplis,
1784 3460 1946 3522 quae
1992 3461 2068 3507 ex
2110 3440 2335 3506 Horati
2376 3437 2678 3505 sermoni-

460 3563 576 3631 bus
619 3564 817 3629 allata
861 3567 1028 3628 sunt.

624 3676 1044 3746 Statuendum
1086 3675 1281 3756 igitur
1324 3692 1462 3739 esse
1507 3688 1836 3738 censemus
1854 3721 1868 3749 ,
1929 3668 2299 3754 Terentium
2340 3667 2405 3730 in
2448 3663 2679 3732 fabulis

457 3792 806 3860 scribendis
849 3811 989 3858 cum
1031 3789 1246 3855 multis
1289 3788 1427 3853 aliis
1473 3786 1839 3852 elocutionis
1882 3782 2124 3849 artibus
2168 3787 2303 3847 tum
2332 3779 2522 3846 variis
2553 3778 2677 3844 illis

457 3906 779 3989 parataxis
821 3903 1055 3984 formis,
1106 3920 1263 3984 quas
1309 3900 1425 3965 hac
1471 3898 1993 3964 commentatione
2038 3895 2455 3977 exposuimuS,
2492 3909 2676 3957 usum

460 4040 620 4101 esse,
665 4026 738 4087 ut
774 4019 947 4084 illam
991 4017 1298 4084 sermonis
1337 4014 1840 4081 mediocritatem
1864 4013 1916 4094 ³)
1954 4010 2431 4092 adipisceretur,
2488 4024 2675 4088 quam

608 4170 664 4238 1)
700 4167 769 4222 cf.
809 4167 1038 4220 Kiihner
1074 4165 1151 4230 11,
1194 4165 1326 4219 756:
1403 4162 1508 4228 ,die
1562 4159 1985 4231 parataktische
2043 4153 2524 4222 Satzverbindung
2582 4152 2679 4220 ist,

457 4271 563 4327 wie
601 4268 720 4326 sich
757 4284 864 4326 von
901 4266 1076 4322 selbst
1114 4266 1385 4330 versteht,
1426 4264 1513 4319 die
1551 4261 2013 4332 urspriingliche‘.

599 4376 655 4442 2)
695 4389 853 4444 quem
889 4373 1152 4428 Plautum
1189 4375 1611 4440 repraesentare
1653 4372 1889 4422 constat.

600 4477 655 4548 3)
697 4477 766 4532 cf.
805 4475 946 4532 Gell.
985 4475 1068 4532 VI
1105 4471 1264 4544 [VII]
1308 4471 1392 4540 14,
1431 4473 1466 4527 6
1515 4470 1608 4524 ubi
1643 4470 1782 4524 haec
1820 4466 2089 4523 Varronis
2127 4462 2410 4521 sententia
2448 4467 2674 4518 servata
