3300 4984
1407 423 1826 488 „49-

671 601 1018 668 Praeterea
1061 600 1185 666 huc
1229 599 1553 681 pertinent
1594 599 1661 664 hi
1702 599 1853 666 loci:

837 713 1104 797 Adelph.
1151 715 1290 778 632.
1347 712 1529 779 Nunc
1571 714 1689 780 hoc
1730 714 2094 796 primumst:
2162 711 2242 777 ad
2285 713 2431 780 illas
2470 712 2591 795 ibo,
2653 718 2728 780 ut

2086 845 2349 909 purgem
2390 847 2511 895 me.

836 943 1029 1010 Andr.
1078 945 1202 1008 215
1243 959 1339 1027 sq.
1383 942 1481 1008 Ad
1523 941 1682 1008 haec
1723 941 1893 1007 mala
1931 940 2047 1008 hoc
2088 939 2175 1006 mi
2216 941 2461 1008 accedit
2502 941 2727 1008 etiam:

2055 1055 2215 1121 haec
2257 1054 2515 1135 Andria,

969 1170 1036 1237 Si
1075 1171 1204 1237 ista
1243 1188 1399 1235 uxor
1441 1170 1575 1235 sive
1617 1169 1901 1250 amicast,
1946 1169 2208 1250 gravida
2251 1189 2287 1235 e
2316 1161 2727 1252 Pamphilost.

931 1337 962 1370 „
1094 1287 1219 1351 249
1261 1303 1352 1366 sq.
1393 1284 1531 1350 Nisi
1574 1285 1640 1365 si,
1669 1282 1736 1349 id
1778 1288 1895 1363 est,
1938 1285 2103 1367 quod
2143 1269 2459 1368 suspicor:

967 1396 1221 1482 Aliquid
1263 1398 1528 1464 monstri
1572 1399 1752 1465 alunt
1796 1446 1811 1461 .
1858 1446 1875 1464 .

836 1515 996 1579 Eun.
1046 1516 1225 1580 1041.
1270 1513 1415 1578 Jam
1457 1513 1574 1578 hoc
1618 1513 1789 1578 aliud
1835 1517 1937 1578 est
1965 1513 2129 1594 quod
2152 1512 2571 1594 gaudeamus:
2614 1513 2728 1578 mi-

1866 1629 1961 1694 les
2003 1628 2283 1708 pelletur
2323 1627 2514 1695 foras,

881 1794 913 1826 „
1048 1744 1203 1808 1081
1253 1761 1341 1824 sq.
1388 1741 1735 1808 Praeterea
1787 1741 1905 1808 hoc
1962 1742 2172 1824 etiam,
2246 1743 2412 1824 quod
2463 1761 2582 1825 ego
2624 1740 2727 1808 vel

2021 1856 2290 1936 primum
2338 1862 2513 1938 puto,

925 1970 1171 2052 Accipit
1228 1969 1412 2037 homo
1467 1988 1650 2035 nemo
1706 1969 1931 2035 melius
1992 1989 2250 2052 prorsus
2313 1989 2519 2052 neque
2580 1988 2727 2053 pro-

1519 2159 1524 2163 ,
2299 2084 2513 2166 fixius.

669 2216 969 2284 Eiusdem
1011 2217 1263 2300 generis
1307 2218 1594 2300 exempla
1636 2221 1977 2284 occurrunt
2016 2216 2184 2298 apud
2224 2215 2590 2283 Horatium:

841 2355 958 2416 sat.
1003 2350 1037 2415 I
1077 2353 1135 2430 4,
1181 2352 1221 2415 9
1263 2368 1354 2430 sq.
1396 2349 1562 2415 Nam
1603 2348 1725 2415 fuit
1765 2348 1882 2414 hoc
1925 2349 2219 2415 vitiosus:
2261 2347 2514 2415 in-hora
2534 2366 2726 2431 saepe

2190 2463 2514 2544 ducentoS,

929 2577 1020 2643 Ut
1061 2595 1377 2658 magnum,
1421 2595 1644 2644 versus
1688 2576 1974 2643 dibtabat
2012 2584 2191 2643 stans
2229 2574 2395 2658 pede
2435 2577 2501 2641 in
2542 2593 2685 2644 uno.

679 2693 1056 2776 (Pronomen
1102 2691 1258 2773 ,hoc‘
1301 2690 1646 2757 ablativum
1694 2708 1833 2756 esse
1881 2689 2250 2773 monemus).

839 2828 958 2888 sat.
1002 2823 1052 2904 1,
1096 2824 1156 2900 3,
1200 2825 1243 2886 4
1285 2840 1376 2903 sq.
1434 2820 1672 2887 Sardus
1714 2820 1991 2887 habebat
2024 2823 2035 2903 Ι
2073 2821 2188 2886 Ille
2232 2819 2535 2902 Tigellius
2576 2820 2728 2886 hoc:

929 2953 1183 3034 Caesar,
1230 2955 1339 3036 qui
1379 2972 1606 3036 cogere
1648 2959 1885 3034 posset,
1926 2952 1934 3036 Ι
1972 2952 2037 3018 Si
2092 2957 2347 3034 peteret
2404 2972 2521 3035 per
2577 2953 2729 3018 ami-

927 3068 1142 3134 citiam
1183 3069 1386 3150 patris
1428 3074 1620 3149 atque
1680 3086 1876 3149 suam,
1934 3086 2059 3134 non
2096 3069 2107 3151 Ι
2145 3067 2488 3150 Quicquam
2544 3067 2729 3149 profi-

2104 3186 2281 3246 ceret
2330 3230 2345 3245 .
2391 3231 2407 3246 .
2451 3232 2467 3248 .
2514 3231 2529 3247 .

672 3313 771 3394 (In
813 3310 1118 3392 versibus,
1161 3313 1268 3395 qui
1311 3312 1700 3379 antecedunt
1728 3313 1955 3394 allatiS‚
2000 3311 2350 3379 coniunctio
2379 3315 2491 3394 ‚ut‘
2520 3313 2729 3395 sequi-

505 3430 615 3492 tur
655 3427 1032 3493 locutionem
1076 3427 1213 3508 ‚hoc
1256 3427 1610 3510 vitiumst‘.)

672 3560 1000 3627 Postremo
1042 3579 1348 3642 ponamus
1388 3580 1584 3627 unum
1625 3560 1849 3642 locum,
1894 3580 2017 3644 quo
2063 3547 2390 3628 enuntiato
2430 3560 2727 3644 primario

505 3673 858 3742 subiectum
899 3675 1194 3742 adiectivi
1237 3679 1494 3756 ,verum‘
1540 3677 1931 3743 continetur:

842 3789 1037 3856 Andr.
1064 3793 1186 3856 769
1206 3809 1298 3873 sq.
1341 3791 1612 3857 Verum:
1639 3791 1767 3856 vidi
1783 3791 2166 3857 Cantharam
2193 3790 2201 3874 Ι
2228 3787 2726 3855 suffarcinatam.

507 3925 601 3990 Ex
642 3925 761 3990 hoc
803 3925 1085 4006 exemplo
1129 3925 1297 3990 clare
1339 3925 1626 4005 intellegi
1679 3929 1921 4006 potest,
1998 3919 2305 4005 quomodo
2347 3921 2728 3987 adiectivum

507 4041 767 4120 ‚verum‘
812 4035 892 4103 ad
921 4039 1272 4120 particulae
1297 4038 1715 4112 affirmativae
1736 4038 2054 4104 notionem
2075 4035 2462 4118 pervenerit.
2513 4036 2728 4101 Davus

507 4152 756 4219 dixerat
805 4160 886 4234 (v.
933 4153 1081 4236 768)
1137 4171 1222 4219 se.
1262 4152 1494 4219 vidisse
1545 4171 1816 4234 puerum
1870 4151 2105 4217 adferri
2151 4204 2164 4218 .
2211 4200 2225 4214 .
2274 4201 2289 4215 .
2330 4150 2490 4216 Tum
2530 4149 2729 4232 Mysis

507 4267 847 4332 exclamat:
919 4286 974 4346 ,o
1015 4266 1330 4332 hominem
1372 4265 1714 4331 audacem‘.
1803 4263 2046 4329 Deinde
2087 4264 2303 4329 Davus
2346 4261 2621 4329 affirmat
2661 4261 2726 4327 id

506 4380 672 4463 quod
712 4379 962 4446 dixerat
1003 4379 1102 4446 his
1143 4379 1386 4446 verbis:
1431 4379 1721 4461 ‚Verum:
1768 4379 1894 4444 vidi
1939 4429 1954 4444 .
2002 4384 2058 4444 .‘.
2144 4377 2572 4460 Supplendum
2612 4376 2728 4459 igi-

509 4501 616 4568 tur
660 4499 799 4582 ‚est‘
842 4495 1190 4569 iudicamus
1243 4512 1450 4583 neque
1501 4493 1854 4577 particulae
1907 4509 2171 4560 munere
2229 4491 2408 4574 fungi
2467 4494 2725 4572 ,verum‘

2262 4603 2302 4662 4
