3300 4984
1480 425 1886 489 ...64-

904 598 1138 665 Heaut.
1186 602 1325 666 170.
1372 598 1497 681 Ibo,
1543 600 1742 665 visam
1788 600 1843 666 si
1885 599 2132 666 domist.

1185 714 1325 780 340.
1370 712 1483 780 Ibo
1525 713 1771 780 obviam
1812 713 1978 794 huic,
2049 713 2253 781 dicam
2305 721 2378 781 ut
2434 720 2797 782 revortatur

2310 830 2582 898 domum.

1181 945 1321 1010 426.
1368 943 1496 1024 Ibo,
1539 944 1863 1027 adloquar.

1001 1104 1032 1138 „
1183 1060 1323 1123 500.
1371 1056 1498 1136 Ibo,
1547 1065 1657 1134 [ac]
1704 1057 1927 1139 dicam,
1972 1064 2045 1125 ut
2086 1057 2367 1126 dixeram
2390 1060 2443 1141 1)
2492 1112 2505 1126 .
2553 1111 2567 1125 .
2613 1109 2627 1126 .

1000 1217 1032 1251 ,,
1182 1173 1320 1237 608.
1372 1171 1467 1236 Ad
1513 1171 1957 1237 Menedemum
1999 1170 2136 1238 ibo:
2209 1172 2412 1239 dicam
2454 1161 2615 1238 hanc
2658 1191 2799 1240 esse

1808 1291 2061 1368 captam
2104 1305 2180 1352 ex
2222 1287 2409 1353 Caria
2570 1341 2603 1374 .-

908 1399 1068 1465 Eun.
1114 1402 1250 1466 187.
1300 1401 1432 1466 Rus
1473 1399 1606 1467 ibo:
1652 1400 1736 1466 ibi
1778 1401 1894 1466 hoc
1937 1421 2039 1467 me
2084 1402 2415 1469 macerabo
2455 1402 2727 1470 biduom.

741 1512 1065 1594 (Alterum
1107 1513 1395 1580 futurum
1438 1515 1806 1596 ,macerabo‘
1866 1516 2165 1583 vocabulo
2220 1516 2342 1596 ,ibi‘
2400 1517 2602 1584 artius
2656 1535 2798 1583 cum

575 1626 991 1694 antecedente
1036 1648 1164 1708 ,rus
1206 1628 1327 1695 ibo‘
1372 1631 1769 1711 conectitur).

909 1741 1172 1824 Adelph.
1224 1744 1362 1810 719.
1407 1742 1518 1809 Ibo
1536 1796 1551 1824 ,
1622 1744 1753 1809 illis
1809 1743 2010 1810 dicam
2052 1746 2290 1811 nullam
2334 1763 2475 1811 esse
2514 1745 2581 1810 in
2621 1743 2800 1811 nobis

2325 1879 2584 1927 moram.

743 1967 920 2034 Idem
963 1968 1098 2036 fere
1150 1971 1316 2054 quod
1359 1972 1643 2038 futurum
1687 1970 1809 2038 ibo‘
1870 1973 2087 2039 valent
2145 1972 2338 2039 verba
2395 1974 2799 2055 ,conveniam‚

575 2082 949 2149 concedam‘.

917 2197 1111 2263 Andr.
1155 2202 1276 2264 527
1320 2218 1410 2282 sq.
1457 2201 1638 2266 Nunc
1697 2201 2031 2267 Chremem
2079 2201 2088 2283 Ι
2143 2201 2543 2281 Conveniam,
2609 2199 2803 2269 orabo
2850 2196 2854 2199 ’

1311 2382 1323 2392 ,
2072 2321 2265 2397 gnato
2307 2335 2585 2383 uxorem.

916 2426 1168 2494 Phorm.
1213 2431 1330 2494 891
1380 2447 1470 2510 sq.
1517 2429 1640 2496 Sed
1686 2430 1831 2496 hinc
1888 2430 2225 2496 concedam
2276 2430 2343 2495 in
2400 2431 2799 2513 angiportum

2056 2546 2173 2611 hoc
2207 2563 2602 2628 proxumum,

998 2655 1153 2723 Inde
1195 2658 1368 2723 hisce
1408 2657 1740 2724 ostendam
1781 2678 1881 2724 me
1925 2709 1941 2725 .
1990 2712 2003 2725 .
2051 2708 2065 2724 .
2113 2707 2127 2723 .

746 2769 936 2836 Verbi
967 2771 1156 2837 eundi
1179 2771 1496 2837 notionem
1520 2772 1767 2854 accipit,
1812 2773 1867 2838 si
1888 2791 2144 2839 sensum
2174 2773 2580 2856 spectaveriS,
2625 2773 2800 2840 verbi

579 2885 959 2954 substantivi
1000 2885 1204 2953 forma
1247 2891 1397 2966 ‚ero‘
1438 2889 1502 2953 in
1656 2891 1661 2894 ’

911 3003 1070 3069 Eun.
1115 3022 1172 3068 v.
1219 3005 1360 3068 781.
1405 3003 1540 3084 Ego
1584 3021 1694 3068 ero
1736 3009 1883 3084 post
1924 3001 2260 3084 principia:
2326 3001 2474 3068 inde
2515 2999 2802 3068 omnibus

2108 3117 2358 3199 signum
2407 3115 2585 3183 dabo.

746 3230 1032 3314 (Duobus
1073 3238 1394 3314 postremo
1451 3231 1663 3298 allatis
1716 3231 1870 3298 locis
1927 3231 2227 3298 vocabulo
2282 3230 2467 3313 ,inde‘
2526 3231 2801 3297 alterum

582 3345 976 3411 enuntiatum
1021 3364 1163 3411 cum
1205 3346 1415 3428 priore
1459 3345 1903 3427 coniungitur).

745 3459 974 3525 Futuri
1016 3461 1154 3526 loco
1195 3461 1471 3542 positum
1519 3466 1620 3526 est
1663 3466 1915 3543 tempus
1959 3477 2293 3542 praesens:

913 3572 1178 3656 Adelph.
1222 3577 1363 3642 549.
1431 3573 1614 3639 Nunc
1658 3573 1882 3641 redeo:
1932 3573 2003 3640 ἐἰ
2058 3572 2225 3640 forte
2283 3571 2488 3640 frater
2538 3571 2805 3638 redierit

2435 3687 2589 3754 viso.

747 3802 1106 3872 Particulae
1149 3802 1543 3886 copulativae
1585 3803 2024 3870 intercedunt:

914 3917 1109 3984 Andr.
1155 3920 1294 3984 599.
1338 3917 1448 3984 Ibo
1493 3918 1576 3983 ad
1619 3937 1764 3983 eum
1805 3924 1999 4001 atque
2030 3915 2252 3984 eadem
2278 3916 2456 3999 haec,
2499 3914 2614 3983 tibi
2640 3935 2803 3999 quae

1761 4032 1907 4112 dixi,
1950 4031 2149 4098 dicam
2192 4031 2414 4097 itidem
2453 4031 2567 4098 illi.

915 4146 1074 4212 Eun.
1116 4148 1257 4210 216.
1302 4146 1438 4228 Ego
1482 4165 1592 4212 rus
1632 4144 1735 4213 ibo
1776 4151 1969 4229 atque
2012 4145 2098 4211 ibi
2140 4144 2424 4212 manebo.

728 4393 782 4459 1)
820 4390 1159 4448 Particulam
1201 4393 1301 4461 ‚ac‘
1340 4391 1621 4448 codicibus
1659 4393 1930 4448 traditam
1969 4397 2029 4449 et
2063 4409 2098 4447 a
2134 4390 2483 4447 Dziatzkone
2520 4395 2805 4462 receptam

585 4492 871 4557 delendam
913 4509 1034 4558 esse
1051 4493 1276 4573 plurimi
1296 4495 1538 4558 editores
1560 4496 1929 4560 consentiunt.
1970 4494 2040 4553 cf.
2078 4495 2333 4575 Wagner
2354 4493 2429 4560 ad
2447 4493 2655 4557 Heaut.
2680 4494 2805 4557 170.
