3300 4984
1533 329 1943 394 ...98-

961 515 1064 583 ep.
1107 501 1158 581 I,
1205 492 1262 582 1,
1305 505 1562 585 33.sqq.
1606 503 1844 569 Fervet
1885 503 2156 573 avaritia
2184 505 2539 590 miseroque
2560 503 2851 589 cupidine

2383 625 2636 701 pectus:

875 751 879 753 ·
943 775 950 780 -
1048 729 1211 796 Sunt
1251 728 1447 796 verba
1491 735 1557 796 et
1597 748 1802 812 voces,
1847 729 2072 812 quibus
2124 731 2291 797 hunc
2331 732 2531 798 lenire
2572 732 2855 800 dolorem

1050 842 1260 910 Possis
1303 891 1630 910 ......

1007 1031 1041 1066 „
1127 982 1178 1062 I,
1225 985 1284 1064 1,
1328 985 1408 1047 87
1452 1002 1544 1065 sq.
1587 984 1820 1052 Lectus
1862 981 2127 1066 genialis
2164 981 2231 1048 in
2273 983 2514 1049 aulast:

1046 1099 1151 1164 Nil
1188 1099 1281 1166 ait
1323 1118 1463 1166 esse
1505 1099 1699 1182 prius,
1740 1097 1964 1165 melius
2006 1097 2095 1164 nil
2137 1095 2375 1164 caelibe
2394 1166 2397 1170 ,
2416 1097 2566 1164 vita.

627 1234 736 1317 (cf.
784 1254 840 1302 v.
887 1237 987 1302 89.
1030 1234 1095 1302 Si
1139 1253 1264 1303 non
1307 1240 1427 1317 est,
1470 1235 1642 1303 iurat
1681 1233 1843 1301 bene
1884 1233 2035 1301 solis
2080 1252 2221 1301 esse
2260 1234 2553 1317 maritis.)

963 1386 1060 1451 ep.
1105 1368 1156 1448 I,
1200 1369 1259 1448 6,
1300 1371 1384 1434 29
1425 1385 1558 1450 sqq.
1603 1368 1717 1434 Vis
1757 1373 1934 1434 recte
1976 1367 2190 1433 vivere
2229 1366 2395 1449 (quis
2436 1385 2561 1433 non
2574 1367 2668 1450 ?):

1049 1483 1120 1550 Si
1164 1483 1367 1550 virtus
1408 1484 1527 1549 hoc
1567 1501 1695 1550 una
1740 1488 1953 1566 potest
1993 1482 2171 1563 dare,
2214 1481 2403 1550 fortis·
2438 1481 2683 1550 omissis

1049 1599 1185 1665 Hoc
1227 1616 1346 1678 age
1387 1597 1649 1664 deliciis,
1737 1596 2058 1664 Virtutem
2101 1595 2297 1664 verba
2336 1606 2527 1679 putas
2569 1603 2637 1663 et

1046 1714 1287 1780 Lucum
1321 1711 1523 1794 ligna:
1603 1731 1757 1779 cave
1797 1731 1879 1778 ne
1920 1718 2143 1794 portus
2185 1716 2453 1794 occupet
2496 1713 2663 1780 alter
2710 1762 2725 1778 .
2770 1763 2785 1777 .
2830 1760 2847 1779 .

961 1895 994 1928 „
1082 1844 1166 1924 11,
1211 1847 1272 1923 3,
1313 1845 1454 1910 329.
1498 1841 1692 1910 Redit
1732 1843 1935 1924 uncia,
1982 1842 2131 1926 quid
2171 1842 2288 1908 fit?

958 1957 1066 2042 (cf.
1111 1977 1168 2023 V.
1232 1959 1353 2023 327
1396 1975 1487 2040 sq.
1573 1957 1640 2024 Si
1699 1955 1780 2023 de
1834 1939 2181 2040 quincunce
2236 1961 2544 2023 remotast
2579 1953 2589 2040 Ι
2626 1956 2846 2037 Uncia,

1562 2071 1713 2154 quid
1752 2079 2015 2154 superat
2024 2075 2086 2155 1²)

789 2207 866 2272 In
907 2205 1078 2271 nullo
1118 2205 1345 2273 horum
1397 2205 1677 2273 locorum
1733 2225 1810 2272 ex
1862 2206 2129 2273 Horatio
2186 2207 2528 2274 allatorum
2578 2207 2847 2273 interro-

625 2320 945 2403 gationem
989 2337 1129 2386 esse
1170 2318 1594 2401 statuendam,
1632 2338 1818 2386 nemo
1860 2319 2135 2402 negabit.

791 2458 1256 2539 Coniunctivus,
1301 2459 1410 2540 qui
1452 2457 1701 2539 dicitur,
1759 2459 2126 2541 potentialis
2167 2458 2233 2523 in
2275 2457 2513 2541 protasi
2554 2461 2845 2539 paratae-

624 2576 752 2641 tica
793 2572 876 2639 ab
917 2571 1180 2640 Horatio
1222 2579 1570 2656 usurpatur.
1623 2573 2046 2656 compluribus
2111 2574 2280 2654 locis,
2343 2573 2409 2638 in
2450 2573 2711 2639 Terenti
2751 2571 2844 2639 fa-

621 2689 789 2758 bulis
829 2708 953 2756 non
992 2689 1340 2754 invenitur:
1386 2753 1396 2758 ,

959 2839 1054 2902 ep.
1098 2820 1150 2902 I,
1197 2823 1294 2901 16,
1339 2823 1439 2931 ξ4.
1483 2819 1580 2886 Sit
1619 2837 1768 2902 spes
1811 2817 2090 2900 fallendi,
2145 2817 2434 2887 miscebis
2476 2836 2660 2886 sacra
2702 2839 2844 2902 pro-

2449 2932 2630 3001 fanis,

956 3075 1076 3136 sat.
1116 3069 1199 3150 H,
1244 3072 1302 3150 3,
1345 3071 1470 3134 292
1510 3086 1602 3150 sq.
1647 3066 1850 3133 Casus
1891 3065 2251 3133 medicusve
2291 3065 2523 3132 levarit

1043 3185 1324 3266 Aegrum
1368 3203 1446 3249 ex
1484 3183 1850 3266 praecipiti:
1893 3187 2103 3248 mater
2142 3180 2344 3247 delira
2388 3181 2640 3248 necabit

1044 3298 1119 3363 In
1161 3297 1371 3379 gelida
1412 3297 1601 3363 fixum
1643 3297 1785 3378 ripa
1836 3349 1850 3363 .
1897 3347 1912 3362 .
1958 3347 1973 3362 .
2018 3345 2033 3360 .

1000 3482 1032 3514 „
1083 3459 1086 3462 ·
1121 3430 1203 3509 Π,
1248 3432 1310 3510 6,
1353 3431 1451 3494 39.
1499 3427 1753 3495 Dixeris
1796 3429 2155 3511 ,experiar‘z
2214 3428 2289 3508 ,si
2330 3429 2443 3508 vis,
2486 3430 2688 3509 potes‘
2732 3425 2840 3492 ad-

1752 3603 1757 3609 .
2168 3541 2265 3606 dit
2305 3546 2374 3606 et
2412 3540 2627 3606 instat.

1003 3725 1036 3759 „
1123 3675 1206 3755 11,
1250 3678 1308 3755 7,
1352 3675 1434 3770 32
1475 3691 1609 3757 sqq.
1824 3673 2103 3740 Jusserit
2144 3672 2226 3738 ad
2268 3690 2339 3739 se

1045 3789 1384 3854 Maecenas
1425 3805 1638 3855 serum
1682 3789 1799 3854 sub
1842 3787 2077 3854 lumina
2118 3786 2322 3870 prima
2362 3786 2578 3852 venire

1047 3902 1387 3970 Convivam
1403 3890 1432 3967 ε’
1462 3921 1710 3982 ,nemon
1752 3904 1962 3990 oleum
2006 3900 2135 3968 fert
2176 3901 2395 3970 ocius‘?
2438 3902 2650 3984 ecquis

1048 4017 1302 4086 Audit?
1343 4036 1485 4084 cum
1526 4037 1753 4101 magno
1794 4017 2075 4084 blateras
2116 4017 2389 4084 clamore
2430 4017 2739 4101 iugisque.

1001 4205 1033 4238 „
1121 4155 1173 4234 Ι,
1217 4158 1277 4236 3,
1326 4158 1404 4219 15
1445 4173 1578 4237 sqq.
1621 4153 1895 4220 Deciens
1935 4159 2205 4220 centena
2247 4153 2530 4221 dedisses
2596 4193 2603 4198 -

1045 4268 1218 4336 Huic·
1252 4285 1462 4350 parco,
1503 4267 1723 4348 paucis
1764 4273 2089 4337 contento:
2132 4267 2405 4359 quinque
2444 4265 2669 4340 diebus

1048 4381 1157 4459 Nil
1199 4385 1342 4458 erat
1379 4381 1445 4456 in
1485 4380 1723 4456 loculis.
