3300 4984
1545 351 1916 420 -6-

619 539 790 622 (pag.
837 539 965 620 11),
1009 546 1264 622 poetam
1309 536 1411 623 „in
1454 525 1744 606 sermone
1784 539 1982 607 latino
2010 537 2280 624 quodam
2321 539 2503 606 modo
2530 557 2831 608 novarum

616 667 831 718 rerum
874 652 1222 719 studiosum
1264 651 1458 719 fuisse
1499 660 1693 736 atque
1736 653 1801 718 id
1841 653 2125 736 inprimis
2167 653 2389 735 egisse,
2431 659 2508 720 ut
2547 653 2654 720 ubi
2693 653 2831 718 fieri

612 774 830 848 posset
873 769 1179 834 sermonis
1223 768 1504 850 vulgaris
1549 769 1825 851 speciem
1878 767 2191 848 effugeret
2234 774 2300 833 et
2340 767 2573 834 formas
2614 786 2826 848 novas,

609 899 772 964 quae
818 888 952 950 tum
995 901 1036 949 a
1079 883 1396 950 comoedia
1451 883 1694 950 alienae
1754 889 1968 963 erant,
2023 883 2369 965 antiquatis
2416 883 2529 950 sed
2584 885 2646 948 in
2693 902 2827 950 ser-

612 1015 796 1064 mone
839 997 1212 1065 comicorum
1255 997 1566 1066 adamatis
1606 997 2022 1081 praeferret.“

769 1110 1138 1178 Edmundus
1190 1111 1432 1179 Hauler
1484 1114 1549 1180 in
1604 1112 2048 1179 dissertatione
2120 1113 2577 1196 „Terentianae
2632 1129 2823 1194 quae-

601 1225 838 1292 stiones
911 1243 1051 1292 cum
1121 1226 1462 1308 specimine
1525 1226 1746 1293 lexici“
1829 1225 2121 1312 (Vindob.
2188 1228 2375 1307 1882)
2448 1227 2617 1293 inter
2694 1226 2819 1291 alia

602 1338 896 1422 exposuit
943 1339 1109 1425 (pag.
1148 1341 1274 1424 21),
1318 1339 1685 1407 Terentium
1728 1342 1793 1406 in
1832 1339 2117 1408 formulis
2146 1340 2407 1408 Graecis
2450 1339 2817 1408 adhibendis

599 1454 867 1519 cautum'
899 1472 1040 1520 esse
1094 1460 1165 1520 et
1205 1473 1404 1538 purae
1462 1455 1797 1522 latinitatis
1851 1474 2039 1538 quam
2093 1454 2617 1523 studiosissimum
2673 1472 2815 1534 cog-

597 1569 786 1635 nosci.

759 1685 1049 1766 syntaxis
1089 1692 1304 1751 autem
1347 1685 1733 1752 Terentiana
1783 1693 2085 1769 quantum
2142 1685 2394 1752 differat
2439 1703 2478 1750 a
2518 1684 2812 1750 Plautina

593 1799 870 1865 nondum
956 1800 1094 1882 pari
1166 1799 1351 1867 modo
1435 1802 1790 1884 quaesitum
1870 1807 1999 1881 est,
2095 1818 2472 1883 quamquam
2551 1804 2810 1880 praeter

590 1913 1010 1996 Langenium,
1070 1915 1178 1998 qui
1232 1916 1503 1983 strictim
1560 1917 1913 1998 complures
1967 1935 2073 1982 res
2128 1917 2511 1998 syntacticas
2570 1913 2803 1994 attigit,

588 2027 696 2092 alii
738 2047 986 2110 quoque
1031 2030 1148 2094 viri
1191 2028 1360 2095 docti
1413 2030 1677 2110 singulis
1719 2030 2001 2112 syntaxis
2043 2028 2465 2096 Terentianae
2516 2026 2805 2111 partibus

585 2143 1056 2225 pertractandis
1084 2161 1340 2226 operam
1373 2143 1686 2213 dederunt
1714 2162 1917 2225 neque
1946 2143 2297 2226 singulares
2331 2143 2735 2225 quaestiones
2751 2144 2802 2224 1)

582 2258 814 2323 desunt
904 2257 983 2324 de
1061 2258 1324 2340 singulis
1420 2257 1789 2340 quibusdam
1873 2259 2238 2326 elocutionis
2321 2257 2653 2322 Plautinae
2734 2261 2801 2320 et

580 2371 1002 2438 Terentianae
1044 2371 1558 2454 proprietatibus.
1644 2373 1809 2441 Sane
1860 2372 2113 2456 quidem
2167 2369 2633 2438 concedendum
2678 2376 2795 2447 est,

575 2484 834 2550 Terenti
879 2504 1082 2568 genus
1111 2484 1356 2552 dicendi
1398 2487 1738 2568 plurimum
1781 2486 2143 2567 discrepare
2188 2503 2227 2550 a
2253 2485 2465 2550 Plauti
2502 2502 2792 2550 sermone

575 2608 640 2665 et
682 2601 749 2664 in
795 2598 1010 2666 formis
1053 2599 1422 2666 adhibendis
1466 2608 1532 2667 et
1573 2602 1636 2666 in
1680 2601 1926 2684 syntaxi
1967 2599 2280 2678 ornanda,
2338 2599 2453 2665 sed
2498 2600 2560 2664 in
2608 2617 2792 2680 para-

715 2899 770 2970 1)
809 2902 878 2954 cf.
919 2901 1077 2956 velut
1115 2900 1278 2956 Biese
1306 2900 1456 2972 Alf„
1515 2901 1583 2956 de
1621 2900 1834 2956 obiecto
1881 2900 2098 2956 interno
2146 2901 2295 2970 apud
2330 2901 2517 2957 Plaut.
2557 2906 2615 2956 et
2653 2900 2780 2956 Ter.

565 3009 736 3071 atque
793 3003 862 3058 de
925 3001 1172 3058 transitu
1226 3001 1532 3057 verbalium
1587 3001 1890 3058 notionum.
1976 3002 2122 3058 Diss.
2178 3002 2369 3074 inaug.
2432 3002 2561 3058 Kiel
2620 3002 2777 3058 1878.

562 3105 813 3161 Bocksch
850 3104 1071 3173 Heinr.‚
1128 3106 1195 3160 de
1234 3120 1460 3160 casuum
1498 3120 1660 3172 qnam
1699 3103 1892 3160 dicunt
1929 3104 2270 3160 attractione
2308 3105 2456 3174 apud
2493 3105 2679 3163 Pl‘aut.
2718 3111 2779 3161 et

565 3186 714 3278 apud
773 3209 900 3264 Ter.
975 3209 1118 3262 Diss,
1173 3208 1362 3278 inaug.
1420 3208 1709 3264 Vratislav
1766 3208 1955 3265 1865.-ε
2014 3209 2231 3273 Friebe.
2289 3209 2355 3266 de
2410 3209 2773 3276 derivatione,

559 3311 968 3383 significatione
985 3353 998 3377 ,
1039 3310 1247 3380 ellipsi,
1299 3313 1615 3380 pleonasmo
1631 3355 1644 3382 ‚
1697 3314 2033 3382 anastrophe
2070 3320 2131 3368 et
2166 3311 2576 3380 permutatione
2612 3326 2772 3380 prae·

555 3413 890 3484 positionum
928 3415 1076 3483 apud
1116 3414 1303 3469 Plaut.
1344 3421 1402 3470 et
1439 3413 1667 3470 Terent.
1706 3415 1915 3485 agitur.
1971 3415 2170 3485 Progr.
2206 3414 2565 3483 Konigsberg
2608 3413 2766 3468 1847.

553 3517 724 3573 Hirth
759 3518 852 3572 Fr.
871 3559 885 3587 ,
943 3519 1010 3574 de
1048 3517 1498 3574 interiectionum
1541 3534 1646 3572 usu
1684 3517 1948 3573 Plautino
1986 3517 2450 3585 Terentianoque.
2525 3517 2678 3586 Spec.
2718 3517 2765 3570 Ι.

553 3620 684 3677 diss,
721 3621 969 3676 Rostock
1005 3620 1161 3677 1869.
1199 3621 1398 3691 Rothe,
1439 3619 1805 3687 Quaestiones
1841 3620 2241 3691 grammaticae
2279 3620 2350 3680 ad
2389 3635 2547 3675 usum
2574 3618 2766 3674 Plauti

548 3723 893 3793 potissimum
942 3728 1002 3779 et
1053 3723 1304 3780 Terentii
1351 3727 1689 3792 spectantes.
1767 3722 1911 3778 Diss.
1950 3723 2138 3778 Berlin
2177 3724 2332 3779 1876.
2394 3723 2649 3793 Thomas,
2704 3724 2761 3780 la

543 3827 792 3896 Syntaxe
847 3827 920 3882 du
956 3826 1114 3882 futur
1157 3829 1320 3896 passe
1373 3826 1510 3881 dans
1549 3826 1817 3881 Terence.
1893 3827 2085 3882 Revue
2125 3826 2337 3882 d'instr.
2379 3841 2447 3882 en
2484 3825 2759 3898 Belgique

542 3929 678 3984 XIX
718 3930 885 4000 1876,
925 3930 1032 3985 XX
1070 3932 1166 3999 77,
1207 3929 1340 3984 ΧΧΙ
1381 3932 1466 3986 78.
1543 3931 1760 4000 Lange,
1812 3931 1879 3986 de
1917 3929 2321 3986 sententiarum
2372 3931 2761 4001 temporalium

540 4033 690 4102 apud
728 4034 938 4103 priscos
977 4033 1166 4102 script.
1240 4034 1371 4091 Lat.
1411 4032 1650 4103 syntaxi.
1723 4032 1869 4089 Diss.
1907 4033 2138 4088 Vratisl.
2184 4033 2338 4090 1878.
2395 4032 2614 4104 Liebig,
2651 4032 2757 4089 Die

539 4134 830 4204 hypothet.
869 4136 1036 4191 Satze
1074 4135 1164 4191 bei
1198 4134 1326 4193 Ter.
1365 4136 1559 4205 Gymn.
1597 4137 1793 4206 Progr.
1833 4135 2049 4192 Gorlitz
2090 4137 2247 4192 1863.
2319 4137 2499 4192 Barth
2538 4137 2631 4205 P.,
2688 4136 2755 4191 de

537 4235 806 4293 infinitivi
842 4238 990 4306 apud
1027 4237 1306 4294 scaenicos
1342 4243 1539 4310 poetas
1577 4238 1783 4294 latinos
1823 4256 1943 4295 usn.
1982 4238 2171 4309 Leipz.
2213 4240 2367 4295 1881.
2442 4238 2753 4304 Heinrichs,

534 4338 604 4394 de
659 4338 898 4395 ablativi
948 4341 1096 4410 apud
1145 4341 1272 4396 Ter.
1322 4357 1444 4398 usn.
1517 4340 1727 4411 Elbing
1782 4342 1934 4397 1860.
2010 4341 2431 4408 Zimmermann,
2482 4341 2753 4410 Beitrlige

529 4455 633 4498 aus
671 4439 885 4497 Terenz
922 4458 1023 4499 zur
1059 4443 1159 4500 lat.
1199 4443 1438 4499 Gramm.
1513 4443 1709 4514 Progr.
1749 4445 1929 4501 Posen
1968 4443 2123 4501 1880.
