3300 4984
1419 415 1709 496 -1os
1804 464 1885 478 -

875 609 1128 677 Phorm.
1177 613 1319 678 594.
1407 611 1525 678 Vix
1595 611 1747 678 dum
1811 612 2135 681 dimidium
2196 614 2478 682 dixeram
2499 668 2514 698 ‚
2584 616 2770 684 intel-

2290 730 2557 798 lexerat.

879 857 1032 923 Hec.
1080 859 1203 922 297
1247 876 1340 940 sq.
1406 858 1528 924 Vix
1585 878 1689 925 me
1741 856 1897 925 illim
1946 859 2227 928 abstraxi
2289 867 2483 944 atque
2526 862 2769 946 inpedi-

1269 978 1404 1037 tum
1446 973 1512 1037 in
1555 991 1632 1038 ea
1675 972 1963 1055 expedivi
2004 974 2283 1040 animum
2324 993 2555 1056 meum,

974 1085 1217 1168 Vixque
1278 1085 1402 1151 huc
1463 1086 1891 1153 contuleram:
1966 1106 2086 1167 em,
2148 1106 2310 1154 nova
2372 1107 2480 1154 res
2545 1094 2771 1171 ortast,

1336 1217 1524 1281 porro
1568 1198 1648 1265 ab
1691 1199 1811 1264 hac
1851 1218 2014 1282 quae
2055 1219 2157 1266 me
2200 1200 2554 1268 abstrahat.

713 1337 770 1402 A
811 1337 1025 1403 Plauti
1066 1353 1356 1402 sermone
1394 1335 1512 1401 hoc
1555 1353 1755 1418 genus
1796 1336 2118 1419 parataxis
2168 1337 2443 1404 alienum
2496 1357 2639 1406 esse
2680 1341 2770 1406 vi-

546 1453 756 1534 detur,
800 1470 942 1519 cum
983 1470 1065 1517 ne
1108 1468 1148 1516 a
1188 1450 1699 1517 Weissenbornio
1742 1450 1996 1534 quidem
2042 1452 2176 1518 eius
2204 1453 2442 1519 mentio
2462 1452 2637 1519 facta
2664 1455 2769 1521 sit.

713 1567 944 1634 Restat
1010 1571 1084 1633 ut
1145 1564 1375 1630 addam
1429 1564 1588 1631 illud
1645 1569 1826 1645 ,cum‘
1884 1567 2205 1632 inversum
2258 1584 2297 1631 a
2350 1567 2649 1634 Terentio
2705 1573 2773 1634 et

544 1681 752 1764 ipsum
793 1678 1114 1746 adhiberi:
1380 1690 1383 1695 ·

881 1795 1040 1861 Eun.
1086 1796 1208 1860 633
1251 1812 1343 1876 sq.
1427 1794 1644 1876 Longe
1686 1793 1813 1859 iam
1855 1792 2155 1876 abieram,

969 1909 1170 1988 Quom
1215 1908 1402 1976 sensi.

713 2040 1028 2124 Persaepe
1071 2041 1198 2107 duo
1238 2042 1588 2122 enuntiata,
1632 2059 1899 2122 quorum
1941 2041 2144 2107 altero
2185 2043 2567 2109 sententiam
2610 2048 2771 2109 tem-

547 2155 828 2238 poralem
873 2157 1182 2223 contineri
1225 2159 1526 2238 apparet,
1599 2155 1692 2220 ita
1732 2156 1907 2221 iuxta
1952 2174 2021 2222 se
2062 2160 2415 2238 ponuntur,
2460 2162 2534 2223 ut
2573 2157 2771 2238 parti-
2838 2139 2847 2143 ¹

547 2271 690 2338 cula
734 2270 1072 2352 temporali
1127 2268 1396 2350 adiecta,
1469 2287 1595 2351 qua
1649 2270 1895 2335 ratione
1918 2283 1929 2292 ·
1950 2270 2334 2336 cohaereant
2350 2321 2366 2351 ,
2435 2270 2771 2338 indicetur.

548 2386 675 2453 Sed
727 2385 1101 2469 plerumque
1159 2387 1225 2450 in
1287 2385 1387 2450 his
1451 2403 1701 2468 quoque
1764 2384 2069 2467 exemplis
2131 2384 2568 2451 difficillimum
2630 2402 2771 2450 esse

545 2501 824 2569 fatemur
864 2501 1250 2586 discernere,
1299 2520 1449 2567 num
1489 2501 1552 2565 in
1596 2501 1800 2566 altero
1846 2501 2175 2567 enuntiato
2218 2501 2418 2566 maior
2458 2501 2611 2567 insit
2651 2499 2765 2581 vis,

544 2621 618 2682 ut
672 2617 946 2708 alterum
1010 2616 1069 2681 ei
1124 2620 1338 2682 mente
1403 2613 1906 2695 subiungendum
1958 2614 2062 2681 sit.
2148 2616 2357 2695 Quare
2413 2633 2492 2680 ne
2548 2615 2613 2679 in
2669 2613 2768 2680 his

545 2730 798 2813 quidem
842 2729 1146 2811 exemplis
1187 2733 1576 2795 structuram
1604 2728 2069 2810 hypotacticam
2112 2729 2466 2810 exspectari
2509 2746 2587 2793 ex
2622 2747 2767 2810 syn-

546 2845 712 2913 taxis
766 2843 1015 2926 legibus
1071 2842 1457 2910 contendere
1513 2842 1800 2908 volumus
1818 2894 1834 2921 ‚
1903 2843 2093 2909 immo
2145 2843 2321 2908 illam
2386 2842 2767 2925 adiungendi

547 2959 858 3026 rationem
896 2958 1190 3026 facilitati
1231 2976 1305 3023 ac
1352 2957 1743 3040 simplicitati
1785 2958 2091 3024 sermonis
2134 2957 2403 3022 maxime
2431 2955 2765 3023 convenire

547 3091 891 3140 monemus.

716 3186 1058 3253 Posteriori
1101 3185 1428 3252 enuntiato
1470 3185 1785 3268 particula
1827 3184 2194 3266 temporalis
2236 3183 2539 3250 adicitur:

886 3324 1076 3392 Andr.
1121 3327 1245 3391 935
1286 3343 1378 3407 sq.
1427 3325 1488 3390 Is
1518 3324 1753 3391 bellum
1773 3324 1919 3391 hinc
1941 3323 2190 3404 fugiens
2212 3341 2437 3404 meque
2460 3317 2767 3389 inAsiam

1012 3530 1017 3536 ι
1585 3527 1590 3540 ¹
1675 3456 2063 3521 persequens
2103 3437 2552 3519 proficiscitur:

971 3555 1131 3621 Tum
1172 3554 1345 3620 illam
1387 3553 1749 3637 relinquere
1794 3554 1896 3618 hic
1940 3558 2039 3619 est
2084 3553 2344 3619 veritus.

881 3686 1043 3752 Eun.
1092 3689 1235 3752 311.
1279 3685 1417 3753 Hoc
1457 3686 1673 3752 hercle
1715 3686 2019 3752 factumst
2062 3738 2074 3752 .
2120 3683 2221 3750 fac
2277 3685 2364 3750 sis
2416 3701 2582 3748 nunc
2623 3701 2767 3764 pro-

1786 3798 1978 3865 missa
2018 3796 2373 3880 adpareant
2416 3848 2430 3863 .
2478 3849 2491 3863 .
2536 3845 2551 3862 .

923 3963 956 3998 ,,
1090 3914 1270 3981 1000.
1329 3913 1494 3979 Nam
1533 3911 1769 3979 iamdiu
1806 3913 2080 3995 aliquam
2122 3928 2376 3977 causam
2420 3907 2766 3993 quaerebat

2340 4042 2551 4105 senex,

972 4140 1172 4219 Quam
1212 4139 1291 4208 ob
1331 4158 1470 4206 rem
1504 4139 1751 4221 insigne
1808 4138 2045 4222 aliquid
2094 4136 2339 4204 faceret
2395 4119 2487 4203 eis
2504 4119 2545 4204 :⁵
2599 4154 2765 4203 nunc

2252 4251 2553 4332 repperit.

925 4417 959 4455 „
1089 4371 1231 4434 702.
1275 4368 1485 4433 Meam
1503 4367 1642 4450 ipse
1669 4365 1904 4432 induit:
1947 4369 2093 4448 post
2119 4383 2245 4432 una
2265 4363 2447 4430 ambo
2474 4361 2767 4428 abierunt

2363 4477 2556 4550 forae.
