3300 4984
1369 416 1823 484 ...107-

903 593 1258 670 Auditor-183
1343 601 1412 659 et
1473 601 1573 660 est
1633 595 1945 677 quaedam
2013 600 2229 664 tamen
2289 595 2390 664 hic
2453 614 2700 681 quoque

2265 709 2488 778 virtus.

647 820 914 888 Omnino
955 838 1080 886 non
1121 818 1202 886 ad
1257 820 1583 903 parataxis
1646 838 1833 887 usum
1874 838 1955 888 ea
2010 823 2297 904 exempla
2351 823 2704 890 revocanda

485 953 626 1002 esse
667 932 848 1002 nobis
888 933 1204 1013 videntur,
1245 933 1354 999 ubi
1394 933 1746 1017 asyndeton
1786 933 2253 1002 adversativum
2282 937 2558 1003 occurrit
2586 955 2702 1020 pro

483 1048 916 1117 coniunctione
961 1052 1142 1130 ‚cum‘
1183 1066 1346 1132 quae
1369 1047 1600 1115 dicitur
1621 1047 2041 1116 adversativa.
2126 1049 2290 1116 Nam
2310 1051 2377 1132 in
2404 1050 2482 1116 iis
2505 1069 2701 1117 enun-

483 1164 644 1231 tiata
684 1162 771 1230 ila
809 1181 934 1228 non
975 1167 1294 1229 momento
1323 1159 1578 1228 differre
1608 1167 2099 1230 consentaneum
2141 1170 2259 1246 est,
2302 1171 2377 1230 ut
2402 1171 2703 1232 neutrum

486 1294 709 1345 eorum
777 1275 967 1342 alteri
1041 1293 1156 1342 suo
1224 1277 1364 1341 iure
1434 1275 1725 1357 subiungi
1800 1277 2017 1358 possit.
2102 1277 2329 1360 Itaque
2397 1277 2703 1345 eiusmodi

486 1391 772 1472 exempla
829 1408 912 1456 ne
960 1391 1128 1473 apud
1186 1389 1477 1456 classicos
1534 1389 1788 1472 quidem
1842 1391 2182 1472 scriptores
2236 1391 2701 1474 hypotacticam

482 1509 875 1573 structuram
934 1505 1220 1587 accipere
1281 1502 1571 1571 solebant
1585 1556 1600 1585 ‚
1674 1504 1794 1571 nisi
1859 1505 2213 1573 coniunctio
2280 1511 2463 1585 ‚cum‘
2521 1525 2703 1573 usur-

483 1627 638 1705 pata
681 1628 799 1689 est.
2104 1629 2109 1635 “

652 1848 998 1916 Enuntiata
1060 1849 1434 1930 temporalia
1488 1867 1937 1933 nunnunquam
1992 1849 2152 1916 adeo
2214 1870 2338 1928 non
2403 1851 2705 1935 distingui

482 1983 670 2049 posse
713 1965 793 2031 ab
836 1965 1180 2031 enuntiatis
1241 1962 1767 2031 condicionalibus
1817 1965 1987 2030 inter
2036 1982 2254 2032 omnes
2305 1973 2573 2047 constat,
2631 1973 2705 2034 ut

487 2078 709 2146 eodem
750 2077 883 2144 sete
922 2078 1062 2144 iure
1106 2077 1602 2144 coniunctionem
1660 2077 1753 2157 ,si‘
1810 2095 2025 2161 ponas,
2081 2077 2186 2144 ubi
2240 2082 2440 2159 ‚cum‘,
2498 2085 2701 2161 ,cum‘‚

485 2191 594 2260 ubi
635 2193 727 2274 ,si‘
771 2190 1126 2258 intercedit.
1215 2191 1426 2270 Quare
1470 2192 1769 2257 nonnulla
1811 2193 2118 2274 exempla,
2182 2211 2346 2276 quae
2387 2212 2582 2276 supra
2621 2195 2704 2261 ad

486 2307 818 2389 parataxin
862 2293 1349 2373 condicionalem
1391 2307 1839 2387 revocavimus,
1894 2306 2164 2374 fortasse
2202 2308 2305 2375 hic
2341 2326 2541 2390 aeque
2596 2329 2704 2392 po-

486 2439 640 2488 nere
684 2421 854 2503 licet‚
897 2420 1074 2486 velut
1115 2422 1275 2486 Eun.
1313 2440 1372 2486 v.
1417 2423 1517 2500 85,
1562 2439 1749 2502 quem
1791 2421 2014 2502 locum,
2060 2427 2273 2487 utrum
2299 2420 2704 2489 condicionali

486 2554 570 2601 an
609 2535 944 2618 temporali
984 2534 1231 2600 ratione
1271 2534 1580 2600 contineri
1620 2534 1863 2600 iudices
1903 2533 2058 2600 nihil
2099 2533 2321 2601 refert.

651 2647 914 2730 Saepius
953 2648 1276 2730 parataxis
1321 2665 1502 2714 usum
1555 2646 1735 2713 nobis
1778 2665 2113 2714 occurrere
2152 2648 2218 2712 in
2259 2648 2336 2714 iis
2380 2649 2703 2732 exemplis,

485 2761 593 2828 ubi
636 2766 816 2844 ,cum‘
860 2763 1025 2844 quod
1067 2762 1328 2828 dicimus
1368 2762 1689 2828 inversum
1730 2758 2016 2827 adhiberi
2060 2743 2326 2844 solebat‚·
2395 2767 2463 2827 et
2503 2763 2704 2830 Drae-

485 2895 601 2958 ger
647 2877 726 2962 (ξ.
772 2879 896 2943 370
939 2882 1007 2943 et
1047 2875 1102 2959 ἕ.
1147 2877 1288 2956 311,
1337 2875 1442 2958 16)
1489 2881 1556 2940 et
1595 2873 1862 2941 Kiihner
1902 2875 2011 2956 (Π,
2054 2893 2114 2956 p.
2160 2877 2379 2958 763)1)
2424 2875 2705 2942 animad-

486 2997 835 3059 verterunt.
922 2991 962 3057 J
962 2991 1130 3056 idem
1172 2989 1471 3056 nonnulla
1497 2990 1785 3071 exempla
1826 2986 2119 3069 afferunt,
2162 2988 2227 3054 in
2257 2990 2480 3071 quibus
2510 3009 2704 3057 enun-

487 3105 631 3172 tiati
674 3104 1041 3186 temporalis
1081 3105 1218 3171 loco
1253 3105 1532 3169 alterum
1575 3104 1972 3170 enuntiatum
1998 3103 2364 3184 primarium
2395 3106 2707 3185 particula

487 3219 844 3301 copulativa
903 3221 1012 3298 ‚et‘
1049 3192 1403 3284 ‘interiecta
1461 3216 1733 3299 ponitur.
1824 3214 2008 3297 Apud
2073 3223 2297 3298 poetas
2358 3222 2572 3283 autem
2640 3227 2706 3285 et

486 3332 804 3416 prosaicos
847 3332 1189 3414 scriptores
1229 3331 1650 3413 posteriorum
1692 3334 1979 3397 aetatum
2021 3349 2466 3412 nonnunquam
2506 3332 2706 3415 parti-

488 3449 631 3514 cula
686 3446 1040 3528 copulativa
1105 3446 1338 3512 omissa
1393 3445 1516 3512 duo
1562 3447 1697 3511 eius
1762 3445 1928 3511 modi
1993 3445 2322 3512 enuntiata
2386 3448 2629 3514 conecti
2654 3452 2706 3526 2)

487 3562 730 3628 addunt
770 3565 963 3642 atque
1007 3560 1360 3642 complures
1402 3559 1570 3626 locos
1612 3578 1691 3626 ex
1731 3559 2041 3643 Vergilio,
2113 3561 2333 3628 Ovidio
2352 3612 2367 3643 ,
2440 3561 2706 3644 Apuleio

487 3675 838 3757 proferunt,
880 3675 1004 3740 iam
1047 3674 1216 3756 apud
1255 3674 1626 3740 Terentium
1666 3674 1832 3740 hunc
1876 3691 2059 3741 usum
2102 3675 2367 3741 inveniri
2409 3695 2532 3741 non
2572 3678 2707 3742 ani-

489 3788 984 3856 madverterunt.
1069 3789 1342 3855 Exstant
1381 3788 1448 3854 in
1491 3788 1629 3854 eius
1674 3786 1904 3855 fabulis
1944 3789 2103 3854 haec
2146 3789 2462 3872 exempla:

817 3905 979 3972 Eun.
1023 3904 1165 3970 599.
1232 3902 1354 3970 Vix
1415 3903 1728 3970 elocutast
1788 3902 1926 3984 hoc,
2003 3901 2175 3970 foras
2234 3903 2421 3970 simul
2490 3922 2708 3971 omnes

1897 4022 2202 4098 proruont
2241 4009 2313 4083 se
2358 4069 2370 4083 .
2418 4069 2432 4084 .
2478 4070 2492 4085 .

636 4168 688 4234 1)
727 4165 954 4220 Kahner
989 4163 1050 4219 in
1085 4163 1212 4218 adn.
1253 4161 1503 4218 conferre
1541 4162 1699 4218 iubet
1752 4163 1945 4219 Eman.
1987 4163 2301 4235 Hoffmann,
2353 4167 2569 4224 Constr.
2609 4165 2707 4222 der

488 4271 590 4327 lat.
628 4269 965 4339 Zeitpartik.
1001 4246 1192 4339 (Wien
1232 4266 1392 4336 1873)
1432 4283 1486 4337 p.
1527 4265 1632 4322 164
1670 4283 1778 4336 sq.;
1815 4282 1922 4336 quo
1960 4268 2101 4326 libro
2122 4271 2316 4326 utendi
2334 4270 2467 4326 mihi
2491 4271 2707 4341 copiam

488 4388 599 4428 non
633 4371 806 4428 fuisse
845 4370 1022 4428 doleo.

630 4473 688 4548 2)
719 4473 798 4549 [cf.
835 4472 1073 4566 Kiihner
1082 4487 1098 4531 z
1135 4469 1401 4544 ,dadurch
1437 4469 1577 4528 wird
1613 4469 1705 4556 die
1726 4470 2009 4559 Wirkung
2034 4474 2174 4531 noch
2198 4473 2707 4544 ubertaschender‘.
