3300 4984
1374 383 1791 446 -77-

467 559 856 632 Particulam
898 557 1092 640 ,adeo‘
1138 557 1255 626 hoc
1296 556 1435 624 loco
1477 555 1780 624 vocabulo
1824 556 2083 640 ,itaque‘
2130 556 2321 642 (sicut
2362 557 2502 626 aliis
2540 559 2694 628 locis

466 673 817 756 pronomini
863 673 974 752 ,is‘,
1020 670 1186 739 unde
1228 677 1439 737 ortum
1483 677 1584 738 est
1626 670 1790 755 ‚ita‘)
1830 672 2184 753 appositam
2212 691 2371 751 esse,
2413 677 2489 740 ut
2506 672 2691 740 huius

466 787 560 854 vis
627 787 1015 869 intendatur,
1084 791 1153 852 et
1215 786 1477 868 Langen
1549 786 1634 870 (p.
1688 789 1805 854 139
1834 785 1967 868 sq.)
2028 786 2243 856 docuit
2303 793 2371 854 et
2438 787 2693 856 Braune

468 903 556 988 (p.
600 904 684 969 24
722 901 887 985 sqq.)
931 901 1232 968 disseruit
1260 905 1328 979 ²).
1501 899 1508 905 ’

631 1017 834 1084 Multo
876 1016 1086 1084 rarius
1127 1033 1320 1098 quam
1353 1014 1523 1098 apud
1549 1014 1847 1083 Plautum
1890 1015 1955 1082 in
1978 1017 2236 1083 Terenti
2276 1015 2507 1084 fabulis
2545 1037 2689 1100 pro-

464 1131 718 1198 nomina
758 1129 1260 1198 demonstrativa
1297 1128 1390 1196 ita
1431 1134 1771 1210 ponuntur,
1823 1134 1899 1196 ut
1939 1130 2270 1212 parataxin
2310 1150 2435 1197 non
2475 1150 2691 1198 conse-

465 1245 741 1312 cutivam
782 1243 894 1312 sed
936 1243 1375 1326 explicativam
1422 1242 1719 1310 efficiant.
1806 1244 2107 1327 Exceptis
2132 1245 2213 1312 iis
2252 1244 2422 1326 locis,
2466 1244 2691 1328 quibus

461 1377 803 1442 pronomen
850 1358 1003 1439 ‚hoc‘
1048 1357 1434 1424 antecedens
1482 1358 1879 1424 enuntiatum
1908 1357 2372 1426 substantivum
2399 1360 2687 1442 requirit,

465 1474 641 1542 cuius
679 1475 815 1540 loco
855 1472 1254 1540 enuntiatum
1295 1473 1663 1553 primarium
1704 1473 1885 1556 sequi
1924 1492 2119 1556 supra
2164 1473 2251 1558 (p.
2297 1477 2380 1539 48
2409 1474 2533 1559 sq.)
2576 1474 2687 1540 de-

463 1589 970 1668 monstravimus,
1012 1605 1208 1654 unum
1248 1587 1605 1668 exemplum
1645 1587 2020 1669 invenimus,
2064 1586 2169 1655 ubi
2209 1587 2294 1670 id,
2339 1588 2503 1672 quod
2544 1607 2686 1656 con-

462 1703 705 1770 tinetur
733 1700 1153 1768 antecedente
1176 1699 1541 1783 pronomine
1570 1700 2083 1784 demonstrativo,
2129 1703 2477 1786 enuntiato,
2519 1703 2685 1788 quod

464 1818 770 1902 sequitur,
812 1816 1111 1900 primario
1155 1817 1525 1900 exponitur:

795 1934 954 2000 Eun.
1001 1931 1123 2031 102
1165 1951 1257 2016 sq.
1301 1932 1541 2000 Verum
1596 1932 1757 2000 heus
1814 1938 1905 2016 tu,
1970 1933 2091 2000 hac
2132 1933 2277 2016 lege
2320 1931 2436 2002 tibi
2476 1952 2685 2000 meam

1884 2046 2209 2130 adstringo
2250 2047 2468 2115 fidem:

886 2164 1062 2242 Quae
1103 2181 1256 2230 vera
1295 2161 1531 2246 audivi,
1583 2148 1765 2229 taceo
1806 2166 1874 2228 et
1916 2164 2205 2232 contineo
2243 2169 2499 2246 optume
2542 2208 2559 2225 .
2606 2216 2619 2231 .
2665 2215 2680 2231 .

627 2277 848 2345 Altero
892 2277 1028 2344 loco
1071 2276 1256 2344 huius
1295 2276 1611 2345 simillimo
1654 2277 1993 2344 Terentius
2044 2295 2197 2345 usus
2252 2283 2351 2345 est
2392 2278 2682 2345 coniunc-

461 2392 632 2459 tione
677 2396 822 2474 ,ut‘:
883 2401 888 2406 “

788 2505 984 2574 Andr.
1034 2507 1152 2572 199
1191 2524 1286 2588 ὃς.
1347 2504 1732 2572 Verberibus
1788 2523 2043 2572 caesum
2100 2511 2167 2572 te
2218 2505 2284 2572 in
2325 2506 2681 2594 pistrinum,

1353 2620 1549 2701 Dave,
1596 2618 1823 2685 dedam
1865 2639 2065 2702 usque
2106 2620 2188 2686 ad
2226 2640 2465 2703 necem,

877 2735 973 2802 Ea
1013 2734 1157 2816 lege
1196 2738 1392 2817 atque
1433 2734 1659 2814 omine,
1722 2738 1817 2814 ut,
1884 2734 1940 2800 si
1996 2740 2064 2801 te
2114 2734 2262 2800 inde
2318 2736 2676 2816 exemerim,

1655 2899 1661 2904 .
1789 2866 1907 2929 ego
1947 2868 2063 2931 pro
2106 2853 2172 2916 te
2214 2848 2461 2915 molam.

621 2962 990 3044 Complures
1031 2961 1334 3030 eiusmodi
1377 2960 1498 3029 loci
1538 2960 1947 3028 inveniuntur
1986 2963 2052 3028 in
2094 2981 2249 3030 com.
2292 2962 2507 3044 frgm.:

787 3074 968 3141 Caec.
1015 3075 1106 3142 St.
1156 3077 1296 3141 157.
1341 3075 1517 3140 Haec
1561 3079 1751 3139 erunt
1796 3075 2057 3141 concilia
2080 3075 2370 3142 hocedie:
2415 3073 2675 3141 differar

1878 3206 2171 3255 sermone
2212 3188 2461 3255 misere.

787 3302 959 3370 Sext.
1006 3303 1196 3384 Turp.
1245 3304 1381 3369 136.
1449 3301 1792 3370 Consilium
1834 3301 1951 3369 hoc
1993 3303 2159 3385 cepi:
2240 3303 2491 3369 litteras
2534 3304 2675 3369 misi

1937 3418 2019 3484 ad
2062 3437 2278 3484 senem
2322 3470 2337 3486 .
2384 3470 2397 3485 .
2444 3470 2459 3487 .

784 3532 1002 3614 Pomp.
1049 3533 1200 3599 Bon.
1253 3535 1370 3600 105
1414 3552 1504 3615 sq.
1563 3532 1819 3614 Populis
1862 3532 2154 3599 voluntas
2194 3533 2353 3598 haec
2395 3533 2561 3598 enim
2605 3540 2672 3598 et
2752 3571 2761 3578 „

1984 3646 2170 3728 vulgo
2210 3645 2458 3713 datast:

873 3757 1226 3840 Refragant
1266 3759 1487 3840 primo,
1530 3757 1969 3840 suffragabunt
2010 3765 2172 3841 post,
2218 3762 2364 3826 scie.

452 3870 684 3954 (Prope
726 3869 1029 3938 accedere
1083 3871 1241 3937 haec
1290 3873 1577 3954 exempla
1631 3872 1714 3939 ad
1768 3873 2119 3940 orationem
2174 3873 2499 3954 directam,
2570 3875 2671 3941 cui

451 3982 819 4064 pronomina
857 3983 1354 4053 demonstrativa
1395 3987 1721 4066 praemitti
1762 3986 1989 4068 solent,
2032 4007 2147 4054 nos
2175 3987 2428 4053 minime
2454 3987 2666 4074 fugit.)

617 4097 682 4162 Si
723 4092 887 4162 duae
931 4099 1284 4164 sententiae
1329 4099 1422 4165 ita
1465 4117 1737 4166 conexae
1772 4107 1956 4180 sunt,
2022 4107 2097 4166 ut
2137 4101 2486 4183 posteriore
2527 4121 2670 4168 con-

596 4345 652 4413 1)
690 4344 759 4399 ef.
798 4345 1040 4416 Spengel
1097 4347 1220 4404 adn.
1262 4348 1332 4404 ad
1369 4348 1422 4403 h.
1458 4349 1496 4403 l.
1552 4347 1773 4416 ,Itaque
1829 4348 1985 4404 adeo‘
2040 4348 2225 4422 gleich
2282 4354 2472 4423 ,atque
2527 4351 2665 4411 adeo

449 4445 536 4502 ita
574 4464 642 4496 =
679 4445 853 4504 daher
887 4449 1089 4518 sogar‘.
