3300 4984
1461 392 1880 454 —92-

558 584 912 635 sermonem
955 568 1363 634 transtulisse
1414 569 1696 650 satisque
1743 569 1952 650 lepide
2009 575 2201 651 atque
2244 572 2570 653 eleganter
2608 569 2783 638 iden-

471 673 482 684 ’
558 680 756 747 tidem
805 700 1162 764 usurpasse.
1250 681 1374 748 Sed
1438 689 1654 749 tamen
1719 688 1951 763 monet,
2033 703 2112 749 ne
2174 685 2313 766 quis
2374 685 2515 752 ideo
2578 691 2784 767 putet,

559 796 850 879 quicquid
890 814 967 862 ex
1007 797 1124 862 hoc
1171 797 1492 879 parataxis
1535 816 1770 879 genere
1807 798 1974 880 apud
2017 780 2276 864 Latinos
2316 798 2696 879 inveniatur,
2744 817 2783 864 a

557 909 737 976 latini
779 911 1086 977 sermonis
1121 911 1370 991 ingenio
1411 913 1687 977 alienum
1732 912 1993 979 Graecis
2037 911 2290 978 demum
2334 911 2784 994 praeeuntibus

492 1101 497 1105 ,
557 1026 622 1094 in
667 1026 917 1092 Italiam
962 1027 1352 1110 pervenisse,
1397 1026 1689 1108 idemque
1732 1026 1917 1094 docet
1958 1027 2247 1109 plurimis
2280 1027 2599 1109 exemplis,
2644 1046 2783 1092 cum

557 1139 640 1204 ad
680 1139 1148 1222 antiquissimos
1185 1140 1439 1222 linguae
1482 1145 1777 1206 auctores
1816 1140 2105 1220 redeant,
2151 1159 2275 1206 non
2296 1140 2560 1207 Graecis
2583 1139 2785 1223 magis

558 1271 747 1334 quam
785 1252 940 1335 ipsis
980 1253 1160 1319 Italis
1203 1253 1364 1319 hanc
1408 1259 1774 1320 structurae
1831 1254 2096 1321 formam
2153 1255 2499 1336 ingenitam
2556 1262 2625 1322 et
2677 1255 2784 1322 do-

559 1366 889 1434 mesticam
951 1366 1144 1433 fuisse
1209 1366 1618 1449 comprobari.
1706 1355 1881 1434 Haec
1944 1368 2237 1450 protasis,
2306 1388 2469 1452 quae
2532 1368 2782 1449 dicitur,

556 1479 951 1561 paratactica
989 1499 1143 1562 quas
1183 1479 1418 1547 formas
1463 1481 1754 1563 accipere
1796 1482 2027 1563 possit,
2086 1501 2126 1548 a
2169 1483 2458 1564 Dragero
2501 1486 2585 1563 (ξ.
2630 1483 2781 1565 373)

559 1600 627 1661 et
662 1594 966 1660 Kiihnero
1009 1594 1078 1676 (l.
1120 1593 1191 1678 1.)
1236 1601 1613 1662 ennaratum
1657 1599 1773 1661 est.

721 1707 814 1774 Ut
854 1707 1119 1774 Plautus
1158 1708 1252 1773 ita
1293 1708 1632 1775 Terentius
1676 1709 1988 1775 enuntiati
2030 1708 2472 1775 condicionalis
2499 1709 2636 1774 loco
2666 1709 2781 1774 im-

555 1820 912 1904 perativum
949 1821 1181 1903 posuit,
1253 1839 1441 1902 quem
1487 1822 1777 1903 sequitur
1819 1821 2216 1889 enuntiatum
2258 1823 2534 1890 alterum
2578 1821 2783 1888 forma

557 1935 758 2003 futuri
796 1935 1084 2003 indutum
1115 1936 1190 2018 1).

805 2065 813 2075 ’
892 2049 1086 2115 Andr.
1129 2051 1272 2116 536.
1317 2049 1620 2116 Ausculto
1664 2052 1913 2132 paucis:
1975 2049 2087 2137 [et]
2129 2049 2280 2134 quid
2322 2069 2439 2133 ego
2480 2057 2548 2117 te
2592 2050 2782 2117 velim

1663 2170 1730 2231 et
1773 2170 1846 2230 tu
1883 2165 2052 2246 quod
2094 2164 2348 2246 quaeris
2390 2165 2570 2232 scieS.

557 2281 886 2346 Monemus
926 2279 1091 2346 hunc
1132 2279 1338 2344 locum
1379 2279 1606 2345 omisso
1652 2282 1779 2359 ,et‘,
1850 2277 2015 2360 quod
2074 2278 2474 2360 Spengelium
2525 2286 2782 2346 secutus

556 2395 860 2462 Dziatzko
873 2394 1144 2477 inclusit,
1189 2413 1535 2477 congruere
1550 2413 1692 2460 cum
1707 2393 1914 2460 Plaut.
1940 2393 2119 2476 Capt.
2143 2413 2201 2460 v,
2224 2396 2364 2460 338.
2397 2413 2437 2460 a
2463 2394 2776 2461 Weissen-
2838 2478 2841 2482 Ι

557 2508 778 2576 hornio
819 2509 1045 2575 allato:
1096 2509 1441 2589 ,Ausculta‚
1485 2508 1685 2574 scies‘.
1733 2507 1837 2586 (cf.
1882 2507 2055 2573 Asin.
2101 2507 2271 2592 350).

723 2627 945 2692 Altero
988 2625 1270 2691 eiusdem
1311 2623 1562 2706 generis
1602 2625 1741 2690 loco
1781 2624 2195 2706 imperativus
2239 2624 2669 2707 postponitur:

891 2739 1140 2807 Phorm.
1183 2741 1306 2806 995
1349 2757 1441 2820 sq.
1485 2738 1526 2804 J
1527 2756 1630 2803 am
1670 2737 1865 2804 scies:
1906 2737 1915 2822 Ι
1952 2737 2278 2804 Ausculta.

558 2856 674 2922 His
715 2853 1042 2922 addendus
1081 2861 1183 2921 est
1223 2853 1489 2935 Adelph.
1536 2874 1590 2920 v.
1638 2855 1762 2920 123
1803 2853 1955 2936 (iam
1999 2871 2039 2918 a
2083 2855 2406 2936 Draegero
2448 2854 2737 2936 allatus):

979 2969 1331 3050 ,Postremo
1377 2973 1490 3034 aut
1533 2967 1749 3034 desine
1794 2973 1905 3033 aut
1946 2966 2099 3033 cedo
2142 2969 2427 3049 quemvis
2471 2967 2776 3035 arbitum:

979 3086 1069 3150 Te
1111 3085 1296 3165 plura
1336 3082 1400 3146 in
1444 3083 1564 3148 hac
1603 3102 1677 3148 re
1719 3100 1985 3164 peccare
2024 3083 2393 3148 ostendam‘.

558 3201 817 3269 Duobus
858 3200 1013 3266 locis
1057 3199 1455 3266 Terentianis
1498 3204 1572 3264 ut
1613 3198 1867 3279 saepius
1916 3196 2083 3282 apud
2127 3197 2424 3264 Plautum
2462 3197 2778 3278 particula

557 3318 724 3397 ‚iam‘
792 3314 1120 3381 enuntiato
1177 3313 1512 3395 posteriori
1577 3311 1868 3392 adicitur,
1940 3331 2127 3395 quem
2199 3330 2384 3377 usum
2458 3311 2776 3376 interdum

557 3432 751 3496 etiam
793 3427 962 3510 apud
1005 3428 1298 3493 classicos
1340 3426 1684 3508 scriptores
1725 3426 1950 3491 ineniri
1981 3427 2267 3508 Draeger
2296 3424 2774 3491 animadvertit:

890 3542 1087 3609 Andr.
1131 3543 1273 3608 622.
1358 3541 1483 3607 Sed
1524 3541 1662 3607 sine
1707 3539 2031 3623 paululum
2074 3539 2156 3605 ad
2194 3558 2296 3606 me
2319 3539 2609 3606 redeam:
2652 3540 2777 3604 iam

1946 3653 2182 3736 aliquid
2224 3653 2566 3736 dispiciam.

886 3771 1046 3838 Eun.
1091 3773 1191 3836 85.
1236 3769 1484 3836 Accede
1523 3768 1606 3834 ad
1648 3769 1861 3849 ignem
1901 3766 2087 3846 hunc,
2148 3768 2275 3832 iam
2316 3768 2594 3833 calesces
2635 3767 2777 3850 plus

1485 3883 1489 3892 '
2386 3882 2562 3947 satis.

557 4002 718 4085 (Hoc
761 3999 1035 4068 alterum
1075 3998 1429 4081 exemplum
1485 3998 1710 4064 eodem
1764 3969 1899 4063 fere
1941 3997 2079 4062 iure
2124 3996 2205 4062 ad
2244 3997 2575 4078 parataxin
2618 4002 2776 4084 tem·

556 4117 836 4198 poralem
879 4116 1201 4199 pertinere
1241 4112 1532 4193 concedo,
1575 4131 1699 4194 quo
1728 4110 1810 4178 ad
1838 4110 2325 4178 condicionalem
2360 4110 2773 4194 revocamus.)

723 4229 1020 4296 Eiusdem
1061 4228 1313 4308 generis
1357 4227 1642 4316 exempla
1683 4227 2091 4292 inveniuntur
2134 4225 2298 4308 apud
2343 4226 2713 4293 Horatium:

700 4461 756 4532 1)
796 4458 863 4514 cf.
905 4456 1310 4530 Naegelsbach,
1350 4455 1476 4511 Lat.
1517 4454 1711 4526 stim)
1752 4454 1802 4528 S.
1844 4455 1967 4530 200,
2007 4456 2061 4512 3.
