3300 4984
1376 397 1791 460 „52-

695 633 699 636 a
811 571 1078 654 Adelph.
1123 573 1265 638 936.
1308 571 1455 639 Sine
1499 576 1567 638 te
1611 591 1885 638 exorem.

799 687 957 753 Eun.
999 687 1141 752 283.
1187 686 1334 752 Sine
1375 684 1628 752 biduom
1668 685 1786 753 hoc
1831 688 2217 768 praetereat.

839 851 874 885 ,,
1009 804 1147 868 739.
1192 801 1340 868 Sine
1383 801 1616 868 veniat.

804 919 1059 984 Phorm.
1104 918 1246 981 515.
1292 915 1530 983 Exoret
1571 915 1728 983 sine.

798 1031 1033 1096 Heaut.
1082 1031 1260 1096 1050.
1308 1030 1455 1096 Sine
1499 1034 1564 1095 te
1612 1035 1890 1096 exorent.

800 1142 1069 1224 Adelph.
1115 1145 1254 1210 815.
1327 1143 1504 1224 Mea,
1588 1161 1751 1226 quae
1827 1149 2089 1226 praeter
2159 1162 2339 1225 spem
2403 1161 2690 1222 evenere,

2018 1262 2284 1324 utantur
2326 1258 2481 1323 sine.

637 1372 710 1437 In
751 1372 906 1438 Hec.
951 1373 1109 1454 prol.
1155 1392 1211 1438 v.
1249 1374 1344 1438 10.
1391 1371 1806 1454 imperativus
1846 1371 2108 1452 pluralis
2161 1370 2409 1436 numeri
2464 1370 2695 1452 ‚sinite‘

1345 1487 1650 1553 occurrit:
1698 1485 1936 1567 ,Sinite,
1982 1491 2276 1552 exorator
2319 1485 2478 1552 sim‘.

801 1603 1030 1669 Holtze
1087 1603 1195 1686 (II,
1244 1603 1389 1687 161)
1449 1603 1606 1669 duos
1663 1603 1831 1669 locos
1883 1601 2089 1681 affert,
2154 1600 2378 1684 quibus
2434 1599 2693 1666 verbum

471 1718 645 1798 ‚sino‘
692 1718 1042 1785 coniunctio
1087 1721 1196 1799 ,ut‘
1241 1718 1562 1801 sequitur:
2536 1785 2547 1794 ,

800 1833 994 1899 Andr.
1043 1835 1181 1898 188.
1225 1833 1394 1897 Dum
1435 1837 1689 1914 tempus
1722 1831 1803 1897 ad
1836 1851 1975 1896 eam
2002 1849 2142 1896 rem
2170 1831 2337 1910 tulit,
2386 1828 2521 1910 sivi,
2562 1829 2695 1894 ani-

1626 1963 1799 2010 mum
1842 1950 1915 2010 ut
1956 1945 2245 2026 expleret
2284 1961 2480 2010 suom.

802 2060 958 2127 Hec.
1002 2063 1142 2128 590.
1193 2113 1206 2126 .
1253 2110 1268 2126 .
1312 2061 1534 2142 Neque
1562 2061 1765 2124 sinam
1788 2066 1860 2126 ut
1889 2059 1996 2141 qui
2024 2058 2219 2138 nobis,
2264 2064 2487 2140 mater,
2528 2058 2693 2126 male

2010 2172 2263 2258 ‘dictum
2306 2172 2480 2253 velit,

890 2289 1035 2354 Mea
1074 2287 1426 2370 pertinacia
1468 2305 1609 2354 esse
1653 2288 1825 2354 dicat
1868 2287 2105 2353 factum
2151 2340 2165 2354 .
2216 2338 2231 2353 .
2278 2341 2292 2354 .

635 2401 760 2470 Sed
789 2403 1000 2486 priore
1028 2403 1164 2468 loco
1209 2407 1301 2483 ,ut
1347 2402 1650 2484 expleret‘
1698 2401 2097 2466 enuntiatum
2121 2400 2310 2466 finale
2334 2420 2474 2468 esse
2497 2402 2691 2483 Spen-

470 2516 572 2600 gel
613 2515 859 2596 statuit‚
921 2516 1087 2599 quod
1130 2515 1396 2582 Plautus
1438 2521 1505 2582 et
1547 2516 1887 2582 Terentius
1932 2515 2195 2581 verbum
2236 2515 2485 2595 ,sinere‘
2528 2535 2693 2582 sem-

469 2650 586 2715 per
655 2649 796 2697 cum
866 2629 1260 2727 coniunctivo
1322 2629 1530 2696 soluto
1593 2637 1708 2696 aut
1777 2646 1918 2696 011111
1982 2628 2287 2696 infinitivo
2308 2630 2363 2714 1)
2435 2636 2689 2713 ponant.

469 2745 764 2811 Alterum
807 2748 1023 2809 autem
1064 2743 1356 2825 Hecyrae
1392 2744 1598 2809 locum
1640 2743 1786 2808 huic
1828 2743 1956 2826 legi
1995 2761 2354 2825 repugnare
2398 2749 2691 2826 apparet;

473 2859 801 2926 enuntiato
846 2857 1011 2923 enim
1053 2858 1487 2924 coniunctione
1543 2861 1652 2938 ,ut‘
1711 2876 1945 2926 conexo
2005 2858 2315 2925 obiectum
2375 2859 2550 2926 verbi
2592 2861 2694 2940 ,si-

471 2977 636 3040 nam‘
681 2972 1043 3039 continetur
1084 2990 1290 3053 neque
1334 2971 1521 3037 aliter
1574 2990 1613 3036 a
1664 2971 1997 3055 Spengelio
2038 2973 2205 3038 hunc
2246 2973 2453 3040 locum
2498 2973 2693 3055 expli-

473 3087 604 3154 cari
645 3104 830 3169 posse
873 3083 1274 3151 arbitramur.
1358 3085 1620 3150 Monere
1674 3104 1798 3151 non
1854 3085 2203 3152 omittimus
2220 3137 2235 3166 ‚
2298 3088 2397 3153 his
2424 3170 2428 3174 ,
2455 3087 2694 3155 duobus

472 3201 626 3268 locis
668 3200 857 3265 aliam
898 3198 1167 3265 formam
1209 3216 1393 3280 quam
1442 3199 1618 3278 ,sino‘
1662 3205 1730 3264 et
1772 3201 1947 3278 ,sine‘
1993 3205 2244 3265 exstare
2266 3203 2339 3278 2).

638 3314 822 3395 Apud
863 3313 1199 3380 Horatium
1221 3315 1267 3387 ³)
1316 3313 1746 3395 paratacticus
1788 3331 1940 3380 usus
1980 3313 2337 3395 imperativi
2384 3315 2559 3396 ,sine‘
2600 3314 2694 3381 in-

470 3428 724 3497 venitur
763 3427 863 3494 his
910 3428 1091 3493 locis:

807 3562 904 3626 ep.
949 3544 998 3610 I.
1047 3545 1143 3625 16,
1189 3545 1271 3609 70
1311 3562 1442 3626 sqq.
1489 3543 1637 3610 Sine
1680 3549 1904 3626 pascat
1943 3549 2227 3626 aretque,

895 3658 1169 3741 Naviget
1211 3649 1284 3724 ac
1327 3658 1548 3725 mediis
1589 3659 1830 3724 hiemet
1871 3665 2189 3725 mercator
2226 3658 2293 3724 in
2336 3659 2540 3740 undis,

892 3773 1195 3840 Annonae
1235 3773 1455 3854 prosit,
1499 3779 1713 3854 portet
1752 3771 2072 3838 frumenta
2110 3790 2456 3854 penusque.

809 3906 906 3970 ep.
951 3889 1001 3969 Ι,
1051 3892 1151 3973 17,
1194 3889 1294 3957 32.
1339 3888 1533 3956 Refer
1578 3894 1643 3956 et
1682 3888 1819 3954 sine
1863 3887 2037 3954 vivat
2076 3886 2360 3968 ineptus!

620 4073 672 4142 1)
713 4072 982 4128 Notamun
1018 4073 1373 4145 undeviginti
1422 4073 1558 4129 locis
1597 4071 1980 4138 Terentiani8‚
2050 4085 2279 4138 quorum
2318 4069 2555 4138 quinque
2591 4068 2691 4124 im-

470 4175 790 4247 perativum
827 4176 1114 4246 praebent,
1153 4176 1380 4233 verbum
1419 4176 1574 4245 ,sino‘
1615 4175 1965 4230 coniunctum
2006 4188 2127 4228 esse
2167 4189 2290 4226 cum
2328 4171 2617 4228 infinitivo.

615 4278 673 4348 2)
713 4278 782 4333 cf.
821 4295 954 4350 pag.
993 4280 1079 4334 18.
2027 4265 2048 4274 ”

618 4384 674 4452 3)
713 4381 828 4438 Alii
867 4381 986 4438 eius
1019 4382 1166 4438 modi
1203 4383 1311 4438 loci
1348 4400 1416 4437 ex
1451 4381 1813 4456 scriptoribus
1853 4379 2101 4436 classicis
2136 4379 2449 4436 afferuntur
2486 4395 2521 4434 a
2541 4377 2694 4434 Ruh-

471 4500 606 4549 nero
642 4486 678 4544 1.
716 4487 759 4544 1.
792 4486 854 4546 II
889 4503 941 4564 p.
981 4487 1105 4546 809.
