3300 4984
1396 382 1770 448 ...5-

643 567 740 633 De
797 566 1205 635 similitudine
1223 619 1240 646 ,
1297 586 1460 650 quae
1511 567 1684 634 inter
1735 567 1995 633 Terenti
2049 572 2117 632 et
2170 566 2449 649 priorum
2509 566 2693 634 comi-

476 699 690 747 corum
719 682 1106 762 Latinorum,
1147 682 1432 766 inprimis
1472 683 1705 763 Plauti,
1749 681 2085 749 intercedit
2125 697 2483 748 sermonem
2526 683 2695 748 inter

476 796 634 862 alios
690 795 1036 878 disputavit
1078 796 1150 862 L.
1199 798 1274 864 A.
1317 796 1576 862 Fischer
1631 796 1697 862 in
1740 796 1948 862 altera
2008 800 2195 878 parte
2234 795 2695 868 dissertationis

475 911 616 993 „De
656 910 953 976 Terentio
991 911 1269 993 priorum
1330 911 1707 978 comicorum
1759 909 2099 978 latinorum
2152 909 2439 991 inprimis
2485 909 2695 976 Plauti

477 1029 795 1090 sectatore
838 1025 1240 1108 quaestiones
1281 1023 1600 1091 selectae“
1647 1023 1820 1110 (Hal.
1849 1003 2239 1108 Saxss1875).
2322 1023 2455 1102 Sed⁸
2475 1023 2693 1106 multa,
2797 1097 2801 1102 ,

478 1155 640 1220 quae
694 1137 777 1203 ad
834 1137 999 1204 hanc
1055 1155 1192 1204 rem
1249 1138 1602 1220 pertinent,
1662 1137 1919 1221 reliquit
1972 1143 2165 1221 atque
2220 1138 2357 1219 ipse
2413 1138 2571 1204 satis
2627 1155 2697 1202 se

477 1251 714 1318 habere
755 1251 997 1319 fatetur
1031 1251 1370 1320 ostendere
1411 1252 1676 1336 singulis
1729 1271 1913 1319 usum
1952 1252 2253 1336 exemplis
2268 1303 2285 1334 ,
2342 1270 2697 1344 sermonem

476 1367 929 1435 Terentianum
971 1375 1039 1436 et
1068 1369 1450 1454 Plautinum,
1495 1387 1876 1454 quamquam
1902 1370 2087 1437 valde
2124 1370 2294 1437 inter
2322 1388 2392 1437 se
2422 1368 2705 1462 differat,-

477 1487 693 1549 tamen
733 1483 891 1550 satis
931 1501 1196 1564 magnas
1234 1483 1544 1566 praebere
1589 1483 2051 1552 similitudines.

645 1599 718 1663 In
785 1597 1000 1665 formis
1069 1597 1323 1681 quidem
1387 1599 1612 1681 priscis
1682 1597 2053 1666 adhibendis
2122 1598 2490 1666 Terentium
2562 1598 2697 1663 fere

479 1713 727 1778 omnino
767 1731 890 1786 non
931 1712 1142 1778 Plauti
1182 1713 1567 1779 imitatorem
1605 1711 1996 1795 deprehendi
2033 1715 2195 1794 Aug.
2216 1705 2219 1710 ’
2237 1711 2420 1780 Godf.
2468 1712 2697 1793 Engel-

482 1822 708 1890 brecht
748 1843 952 1906 nuper
1005 1825 1216 1891 docuit
1257 1824 1466 1892 libello
1483 1877 1498 1906 ‚
1551 1844 1740 1910 quem
1794 1825 2117 1908 inscripsit
2157 1826 2423 1908 „Studia
2465 1825 2699 1892 Teren·

479 1939 690 2004 tiana“
738 1937 1028 2022 (Vindob.
1079 1939 1266 2022 1883)
1298 1945 1362 2016 ²).
1434 1939 1874 2020 copiosissime
1916 1939 2018 2006 hic
2058 1939 2421 2020 illustravit,
2464 1939 2700 2005 Teren-

485 2052 646 2119 tium
690 2071 874 2118 voces
927 2053 1198 2120 rusticas
1254 2060 1319 2119 et
1363 2053 1602 2136 priscas
1617 2104 1635 2134 ,
1693 2053 1916 2136 quibus
1956 2054 2225 2120 Plautus
2283 2055 2532 2136 plebem
2585 2053 2702 2120 sibi

480 2166 878 2233 conciliasset
893 2217 910 2246 ,
963 2166 1032 2231 in
1072 2167 1436 2232 universum
1491 2168 1811 2249 respuisse
1853 2173 1968 2234 aut
2025 2168 2116 2234 eis
2168 2187 2293 2234 non
2335 2186 2519 2234 usum
2562 2187 2702 2234 esse

481 2279 601 2345 nisi
643 2280 836 2346 certis
878 2279 1085 2345 causis
1113 2286 1529 2362 commotum3
1573 2286 1767 2362 atque
1794 2281 2216 2358 statuendum
2244 2298 2385 2347 esse
2424 2280 2703 2353 affirmat

493 2517 670 2572 Reihe
709 2532 816 2571 von
853 2517 890 2572 J
893 2517 1083 2571 ahren-
1099 2516 1198 2571 der
1231 2515 1511 2571 reichsten
1547 2515 2169 2589 Sprachentwicklung‚
2208 2519 2415 2594 welche
2434 2517 2571 2573 sich
2607 2518 2709 2576 auf

487 2616 577 2674 die
611 2619 864 2684 Formen,
904 2619 1011 2674 den
1038 2619 1414 2685 Wortschatz,
1451 2616 1540 2673 die
1569 2619 2061 2694 Wortbedeutung
2098 2621 2212 2676 und
2242 2621 2459 2690 Syntax
2495 2622 2701 2691 gleich-

487 2721 699 2791 massig
745 2721 1042 2776 erstreckt.
1115 2720 1323 2775 Zudem
1376 2721 1601 2791 bewegt
1649 2721 1767 2776 sich
1817 2720 2053 2777 Plautus
2103 2721 2162 2777 in
2208 2723 2306 2778 der
2345 2707 2555 2792 Sphare
2608 2723 2701 2777 des

487 2821 910 2892 gewohnlichen
931 2822 1155 2890 Volkes‚
1191 2837 1254 2877 er
1277 2821 1403 2892 gibt
1426 2839 1547 2892 uns,
1573 2823 1955 2878 unbeschadet
1979 2823 2163 2878 seiner
2190 2823 2426 2894 eigenen
2450 2803 2707 2880 Meister·

489 2925 676 2980 schaft
732 2924 790 2978 in
843 2924 1266 2994 Beherrschung
1329 2924 1426 2980 der
1479 2924 1722 2995 Sprache
1738 2965 1753 2996 ,
1806 2924 1895 2980 die
1946 2925 2539 2996 Anschauungsweise,
2600 2927 2705 2980 den

489 3027 873 3096 sprachlichen
908 3025 1200 3080 Ausdruck
1240 3026 1335 3081 der
1373 3026 1544 3082 durch
1581 3027 1781 3082 hohere
1819 3027 2065 3098 Bildung
2100 3029 2481 3085 unberiihrten
2517 3029 2698 3086 Leute

489 3127 724 3198 wieder,
784 3128 996 3183 Terenz
1061 3129 1320 3198 dag-egen
1375 3129 1672 3190 verkehrte
1733 3129 1793 3184 in
1850 3130 1973 3186 dem
2022 3130 2219 3186 Kreise
2276 3131 2708 3203 feingebildeter

489 3232 752 3295 Mamer,
809 3231 1016 3285 welche
1071 3230 1243 3284 durch
1296 3229 1556 3290 Studium
1611 3231 1711 3287 der
1758 3232 2141 3303 griechischen
2196 3233 2491 3310 Literatur
2547 3235 2708 3292 ihren

488 3333 649 3387 Blick
721 3332 1006 3387 erweitert
1065 3331 1296 3401 hatten,
1369 3332 1537 3388 deren
1595 3333 1919 3390 Redeweise
1994 3336 2110 3390 das.
2155 3335 2413 3406 Geprage
2475 3337 2707 3392 hoherer

489 3435 767 3506 geistiger
803 3435 964 3490 Reife
1005 3440 1156 3506 trug-
1229 3434 1334 3490 Die
1371 3434 1614 3504 Sprache
1668 3437 1765 3491 des
1802 3437 2015 3492 Terenz
2065 3437 2142 3492 ist
2191 3436 2250 3493 in
2286 3437 2460 3509 Folge
2511 3413 2708 3494 dessen

494 3538 634 3594 weit
691 3539 846 3593 mehr
890 3555 998 3595 von
1055 3541 1151 3594 der
1199 3539 1294 3594 des
1344 3539 1582 3594 Plautus
1633 3539 1995 3597 verschieden
2050 3541 2135 3595 als
2184 3557 2312 3596 man
2364 3542 2710 3612 gewohnlich

497 3643 878 3698 anzunehmen
924 3641 1160 3712 geneigt
1207 3641 1470 3698 scheint.“
1546 3643 1618 3698 cf.
1668 3644 1813 3712 quod
1860 3643 2005 3700 idem
2056 3644 2280 3714 scripsit
2342 3644 2400 3700 in
2436 3661 2576 3724 pagg
2607 3645 2710 3700 92:

492 3745 593 3814 „In
644 3746 743 3802 der
783 3746 1183 3815 Entwicklung
1233 3746 1329 3802 der
1368 3747 1851 3816 metaphorischen
1886 3748 2225 3819 Bedeutung
2274 3746 2355 3803 ist
2393 3788 2408 3803 .
2446 3789 2457 3801 .
2500 3789 2514 3803 .
2553 3786 2567 3802 .
2616 3749 2714 3802 der

497 3848 751 3905 Abstand
789 3848 1063 3904 zwischen
1097 3848 1334 3904 Plautus
1362 3849 1484 3904 'und
1520 3851 1737 3905 Terenz
1775 3850 1915 3905 noch
1954 3848 2069 3907 viel
2104 3849 2484 3907 bedentender
2526 3851 2609 3904 als
2651 3850 2709 3932 in

491 3951 754 4006 formaler
800 3952 913 4006 und
963 3951 1378 4020 syntaktischer
1412 3951 1749 4021 Beziehung.
1840 3952 1907 4008 cf.
1959 3952 2103 4008 idem
2155 3951 2215 4008 in
2252 3951 2405 4028 Neue
2442 3953 2633 4008 Jahrb.
2674 3951 2715 4007 f.
2770 3975 2788 3999 .-

489 4053 691 4110 Philol.
749 4055 813 4108 B.
873 4053 1111 4121 1251126
1167 4055 1382 4124 (1882)=
1462 4055 1598 4124 „Die
1649 4056 1945 4126 Metapher
1998 4057 2074 4110 im
2135 4054 2531 4112 Lateinischen
2601 4071 2711 4113 von

491 4158 728 4214 Plautus
765 4156 850 4212 bis
888 4158 1156 4213 Terenz-.“

637 4261 690 4326 1)
729 4260 1182 4329 supplementum
1217 4259 1380 4316 huius
1429 4259 1604 4317 libelli
1639 4262 2021 4332 Engelbrecht
2078 4261 2305 4332 scripsit
2354 4261 2413 4317 in
2455 4260 2713 4331 „Wiener

489 4362 721 4419 Studien
758 4363 807 4418 6.
847 4362 1048 4432 Jahrg.
1085 4362 1138 4416 2.
1165 4363 1320 4430 Hert,
1361 4363 1502 4422 1884
1538 4380 1671 4434 pag.
1710 4365 2026 4421 216—248:
2064 4364 2539 4434 Beobachtungen
2575 4365 2718 4420 iiber

491 4463 611 4520 den
636 4465 1132 4535 Sprachgebrauch
1167 4466 1266 4524 dor
1303 4465 1672 4524 lateinischen
1708 4467 2025 4525 Komiker.“
