3300 4984
1445 316 1861 382 ...43-

555 507 636 558 ne
676 509 716 556 a
757 489 1076 557 Ciceronis
1117 490 1370 574 quidem
1410 509 1701 558 sermone
1740 490 2017 558 alienum
2060 506 2237 556 esse:
2285 494 2353 555 et
2382 487 2769 571 paratactice

557 604 979 686 compluribus
1017 605 1303 686 inprimis
1347 604 1759 686 epistolarum
1800 604 1952 670 locis
1995 603 2368 686 imperativo
2410 602 2681 669 adicitur
2704 609 2774 668 et

557 725 943 786 structuram
985 719 1442 786 subiunctivam
1485 717 1737 786 efficere
1787 724 2018 800 potest.

724 1190 950 1257 Verbis
993 1190 1218 1258 orandi
1253 1191 1332 1257 iis
1368 1193 1801 1275 pertractatis,
1844 1210 2007 1274 quae
2059 1196 2445 1258 structuram
2485 1195 2773 1271 paratae-

557 1304 750 1371 ticam
794 1305 1120 1387 praebent,
1165 1310 1562 1374 transeamus
1601 1305 1684 1372 ad
1726 1307 1919 1373 verba
1938 1305 2227 1386 faciendi,
2273 1323 2313 1370 a
2332 1304 2557 1388 quibus
2582 1321 2777 1370 enun-

554 1417 718 1484 tiata
760 1418 1179 1500 consecutiva,
1251 1437 1413 1502 quae
1455 1419 1770 1501 dicuntur,
1838 1419 2173 1486 transitiva
2212 1417 2573 1500 dependere
2618 1417 2776 1484 satis

557 1537 822 1598 constat.
911 1531 1035 1598 Sed
1075 1531 1256 1598 verbi
1297 1532 1544 1612 ,facere‘
1587 1533 1790 1599 forma
1830 1533 2038 1615 prisca
2076 1531 2258 1612 ,faxo‘
2302 1538 2377 1597 ut
2396 1529 2562 1612 apud
2586 1531 2774 1594 Plau-

557 1649 694 1714 tum
735 1646 829 1712 ita
868 1644 1038 1728 apud
1077 1646 1448 1712 Terentium
1487 1647 1803 1714 nonnullis
1855 1647 2010 1712 locis
2064 1645 2405 1711 enuntiatis
2460 1643 2776 1726 primariis

561 1759 811 1826 adiecta
845 1759 1121 1828 occurrit
1145 1765 1224 1840 1);

891 1873 1088 1941 Andr.
1133 1876 1273 1968 854.
1317 1873 1516 1940 Immo
1554 1889 1706 1938 vero
1746 1871 2085 1954 indignum,
2142 1872 2463 1952 Chremes,
2520 1873 2644 1937 iam
2685 1871 2776 1938 fa-

1588 1988 1765 2053 cinus
1806 1985 1950 2053 faxo
1993 2007 2070 2052 ex
2112 2006 2215 2052 me
2256 1969 2475 2054 audies
2489 1987 2565 2072 ²).

897 2104 1058 2172 Eun.
1103 2105 1246 2170 285.
1295 2101 1392 2168 Ne
1434 2109 1508 2168 tu
1548 2103 1707 2168 istas
1752 2101 1902 2168 faxo
1953 2102 2226 2170 calcibus
2282 2121 2474 2185 saepe
2516 2103 2778 2169 insulta-

2167 2218 2263 2284 bis
2306 2218 2565 2285 frustra.

937 2382 972 2415 „
1099 2333 1242 2397 663.
1285 2331 1432 2397 Jam
1473 2330 1618 2396 faxo
1659 2331 1838 2397 scies.
2112 2333 2117 2338 ’

883 2445 1146 2518 ⁸Phorm.
1191 2448 1332 2512 308.
1379 2446 1420 2511 J
1421 2463 1525 2510 am
1564 2444 1709 2511 faxo
1744 2445 1845 2511 hic
1886 2443 2110 2511 aderit.

982 2611 1018 2646 „
1193 2564 1372 2628 1055.
1417 2561 1460 2627 J
1460 2579 1563 2626 am
1604 2560 1707 2626 hic
1746 2559 1889 2626 faxo
1938 2559 2165 2626 aderit.

860 2681 862 2684 ’
892 2675 1162 2758 Adelph.
1205 2678 1330 2742 209
1369 2695 1462 2759 sq.
1505 2675 1747 2757 Cupide
1788 2675 2057 2757 accipiat
2098 2676 2240 2740 faxo
2282 2680 2475 2758 atque
2519 2675 2712 2741 etiam

981 2790 1158 2856 Bene
1200 2790 1373 2857 dicat
1412 2809 1628 2857 secum
1669 2808 1809 2856 esse
1849 2796 2077 2854 actum.

985 2953 1018 2988 ‚,
1189 2907 1312 2971 846
1352 2923 1445 2988 sq.
1505 2905 1717 2987 Atque
1772 2903 1859 2970 ibi
1913 2903 2166 2970 favillae
2208 2905 2400 2987 plena
2416 2955 2431 2986 ,
2496 2902 2652 2970 fumi
2706 2923 2781 2970 ac

2323 3023 2570 3104 pollinis

987 3133 1324 3230 Coquendo
1343 3225 1347 3230 .
1365 3136 1450 3201 sit
1489 3134 1634 3201 faxo
1679 3141 1747 3201 et
1786 3135 2097 3202 molendo.

897 3247 1146 3316 Phorm.
1198 3251 1373 3316 1028.
1433 3249 1601 3315 Faxo
1643 3249 1761 3316 tali
1810 3249 1906 3316 sit
1949 3255 2262 3316 mactatus
2303 3255 2495 3334 atque
2538 3251 2639 3317 hic
2680 3259 2784 3318 est

2138 3363 2479 3433 infortunio
2498 3369 2572 3450 ³).

697 3475 700 3478 ’
734 3475 960 3544 Tribus
1001 3476 1197 3560 igitur
1237 3478 1390 3545 locis
1431 3479 1486 3544 si
1528 3477 1809 3544 codicum
1848 3478 2035 3544 fidem
2058 3481 2397 3563 sequimur,
2443 3480 2783 3547 coniuncti-

566 3610 715 3660 vum
759 3594 1038 3661 solutum
1079 3612 1221 3662 cum
1261 3613 1414 3662 voce
1469 3594 1657 3674 ,faxo‘
1709 3595 2111 3661 coniunctum
2150 3595 2521 3664 invenimus,
2606 3594 2785 3662 Mad-

717 3882 772 3951 1)
807 3880 988 3937 Multo
1025 3879 1296 3936 rariorum
1333 3895 1499 3948 quam
1517 3879 1666 3949 apud
1684 3879 1948 3936 Plautum
1984 3877 2242 3934 vocabuli
2278 3878 2443 3948 ,faxo‘
2481 3893 2639 3935 usum
2664 3893 2785 3934 esse

574 3982 724 4054 apud
763 3981 1086 4039 Terentium
1123 3981 1274 4038 inter
1309 3976 1448 4037 alios
1485 3982 1739 4053 Draeger
1785 3981 1859 4052 (S.
1897 3981 2019 4051 369,
2059 3981 2148 4048 16)
2189 3980 2501 4036 adnotavit.

717 4084 774 4154 2)
815 4084 986 4139 Klotz
1023 4083 1255 4153 ,audias‘
1292 4083 1598 4154 revocavit,
1657 4083 1832 4139 ceteri
1868 4089 2057 4138 autem
2094 4081 2335 4138 editores
2370 4097 2493 4137 cum
2532 4081 2789 4138 Bentleio

575 4204 642 4244 ex
681 4187 959 4244 codicibus
997 4181 1224 4256 ,audies‘
1263 4193 1610 4257 receperunt.

715 4290 772 4359 3)
811 4283 898 4346 Sic
935 4306 1131 4347 versus
1172 4291 1418 4347 traditur
1467 4291 1655 4346 codice
1692 4289 1956 4347 Bembino
1973 4333 1986 4360 ,
2042 4305 2111 4344 ex
2148 4299 2266 4358 'quo
2303 4305 2478 4360 nuper
2513 4287 2789 4346 Dziatzko

578 4409 702 4454 eum
737 4393 966 4468 recepit.
