3300 4984
1461 419 1875 485 -29-.-

561 603 720 670 sime
761 603 879 670 hoc
903 603 1192 670 similiter
1233 606 1426 684 atque
1466 619 1507 668 a
1534 599 1757 667 Plauto
1786 618 1927 667 cum
1962 599 2337 682 imperativo
2378 597 2775 677 coniungitur

562 716 730 801 apud
771 717 1170 785 Terentium:

894 848 1126 916 Heaut.
1171 849 1292 914 163
1335 866 1426 931 sq.
1486 848 1658 926 Quor
1699 865 1823 914 non
1838 845 1873 914 ?
1915 863 2150 929 quaeso
2190 844 2449 912 tandem
2492 843 2772 927 aliquan-

1691 959 1896 1026 tulum
1932 961 1943 1043 Ι
1979 959 2116 1026 Tibi
2155 977 2378 1041 parce:
2423 1007 2440 1024 .
2484 1011 2499 1026 .
2548 1010 2561 1024 .

998 1123 1029 1158 „
1149 1075 1328 1142 1052.
1373 1074 1512 1156 Age
1530 1092 1783 1157 quaeso,
1806 1091 1887 1139 ne
1915 1077 2047 1139 tam
2070 1071 2317 1139 offirma
2337 1077 2423 1153 te,
2453 1071 2771 1138 Chremes,

890 1189 1140 1257 Phorm.
1186 1189 1324 1256 670.
1368 1190 1634 1269 Quaeso,
1680 1205 1797 1270 ego
1838 1186 2017 1269 dabo,
2062 1188 2331 1271 quiesce.

890 1305 1042 1371 Hec.
1101 1304 1259 1386 prol.
1317 1308 1375 1370 8.
1458 1304 1632 1370 Alias
1701 1302 2016 1384 cognostis
2078 1303 2248 1368 eius:
2314 1319 2548 1385 quaeso
2608 1301 2771 1367 hanc

2304 1418 2559 1484 noscite.

890 1532 1157 1615 Adelph.
1204 1536 1346 1600 808.
1387 1534 1636 1612 Quaeso
1678 1532 1792 1598 hoc
1835 1531 2028 1600 facito
2069 1538 2280 1598 tecum
2326 1532 2565 1614 cogites
2610 1581 2624 1596 .
2669 1579 2686 1596 .

891 1633 1099 1722 Andr.
1132 1646 1290 1730 prol.
1333 1647 1394 1714 8.
1437 1644 1636 1727 Nunc,
1698 1664 1886 1729 quam
1928 1664 2066 1711 rem
2106 1645 2258 1711 vitio
2300 1645 2473 1724 dent,
2539 1661 2773 1727 quaeso

1888 1760 2163 1825 animum
2207 1757 2556 1825 adtendite.

890 1875 1120 1941 Heaut.
1160 1875 1302 1940 971.
1386 1873 1572 1940 Prius
1614 1890 1850 1957 quaeso
1891 1867 2082 1953 disce,
2127 1871 2277 1955 quid
2317 1869 2404 1940 sit
2446 1872 2679 1938 vivere.

783 2037 786 2042 .
890 1986 1136 2054 Phorm.
1185 1989 1326 2052 141.
1405 1985 1585 2052 Nunc
1626 1988 1851 2053 amitte
1893 2003 2126 2069 quaeso
2168 1985 2353 2053 hunc.

889 2101 1156 2184 Adelph.
1209 2102 1344 2168 190.
1423 2101 1583 2168 Illuc
1621 2119 1871 2185 quaeso
1912 2099 2071 2182 redi,
2133 2117 2257 2183 quo
2299 2099 2580 2183 coepisti,
2650 2102 2773 2165 Ae-

2320 2214 2558 2281 schine.

890 2329 1087 2397 Andr.
1136 2332 1279 2396 323.
1364 2329 1528 2398 Huic
1571 2328 1671 2397 dic
1717 2348 1972 2413 quaeso,
2016 2327 2257 2414 Byrria.

890 2445 1050 2513 Eun.
1094 2447 1239 2512 562.
1325 2444 1534 2510 Narra
1574 2445 1740 2510 istuc
1782 2461 2036 2528 quaeso,
2080 2442 2230 2526 quid
2273 2443 2377 2510 sit.
2480 2474 2482 2476 ·

891 2559 1140 2625 Phorm.
1189 2561 1332 2626 350.
1415 2557 1654 2625 Adeste
1696 2576 1947 2641 quaeso.

889 2674 1043 2741 Hec.
1091 2675 1233 2740 803.
1276 2671 1686 2754 AdulescenS,
1728 2672 1830 2740 dic
1872 2672 2025 2740 dum
2061 2689 2314 2755 quaeso,
2358 2676 2473 2738 tun
2519 2690 2589 2736 es
2631 2671 2767 2753 My-

2214 2785 2429 2852 conius
2442 2787 2473 2851 ?
2504 2789 2555 2866 ι)

888 2901 1116 2986 (Andr.
1137 2902 1264 2968 204
1305 2901 1502 2982 ,Bona
1522 2900 1736 2980 verba,
1778 2903 2053 2985 quaeso‘.
2099 2899 2495 2982 Supplendus
2524 2906 2625 2966 est
2656 2898 2770 2964 im·

1998 3014 2324 3097 perativus
2366 3013 2556 3096 ,dic.‘)

717 3149 813 3214 Ex
853 3146 1228 3214 comicorum
1269 3146 1648 3231 fragmentis
1692 3143 2010 3213 addimus:

885 3279 1040 3349 Sext
1080 3279 1273 3362 Turp.
1316 3282 1358 3346 6
1399 3329 1414 3346 .
1460 3331 1476 3347 .
1525 3333 1538 3346 .
1582 3297 1817 3363 quaeso
1859 3280 2083 3363 cogita
2108 3299 2182 3347 ac
2222 3277 2522 3349 delibera.

1165 3394 1198 3426 “
1325 3395 1448 3461 160
1491 3442 1505 3459 .
1556 3445 1568 3458 .
1615 3445 1630 3461 .
1675 3411 1908 3477 quaeso
1948 3395 2171 3460 omitte
2225 3412 2300 3459 ac
2338 3385 2567 3461 desere
2607 3394 2769 3460 hanc

1911 3505 2314 3575 Meretricem
2359 3557 2375 3573 .
2423 3561 2438 3574 .
2485 3559 2499 3574 .
2539 3557 2553 3572 .

887 3621 1104 3704 Pomp.
1147 3623 1299 3688 Bon.
1344 3625 1427 3688 30
1464 3673 1480 3688 .
1527 3671 1542 3688 .
1588 3672 1603 3688 .
1647 3621 1797 3703 noli,
1838 3641 2092 3706 quaeso,
2134 3622 2427 3690 irascere.

883 3737 1073 3804 Titin.
1117 3740 1216 3804 93.
1304 3737 1421 3803 Dic
1462 3736 1653 3819 istud,
1697 3755 1959 3820 quaeso:
2002 3756 2162 3821 quor
2205 3743 2272 3804 te
2301 3737 2591 3804 avertisti
2608 3737 2642 3805 Ῥ
2674 3786 2723 3804 ..
2752 3786 2765 3800 .

696 3993 749 4060 1)
789 3989 879 4048 Sic
914 4007 1132 4048 versum
1181 3991 1459 4047 codicibus
1495 3992 1755 4047 mendose
1810 3991 2081 4048 traditum
2136 3989 2408 4068 restit-uit
2451 3991 2764 4061 GoveanuS,

553 4109 712 4162 quem
768 4098 993 4149 secutus
1047 4100 1136 4150 est
1171 4094 1573 4163 Umpfenbach.
1645 4093 1992 4150 Fleckeiseni
2049 4091 2425 4150 coniecturam
2478 4091 2765 4162 ,dicedum‘

550 4196 887 4253 reiciendum
923 4212 1044 4253 esse
1082 4197 1488 4254 demonstravit
1525 4196 1904 4268 Eugelbrecht
1946 4197 2005 4264 (1.
2042 4199 2083 4256 1.
2120 4214 2175 4267 p.
2196 4197 2307 4268 65),
2345 4196 2438 4266 qui
2472 4195 2595 4266 ipse
2633 4197 2764 4253 scri·

550 4300 787 4357 bendum
821 4299 1114 4370 proponit:
1154 4302 1296 4371 ,Age
1333 4301 1677 4368 adulescenS,
1716 4300 1803 4356 dic
1829 4300 1957 4355 dum
1985 4316 2207 4368 quaeso,
2245 4317 2305 4356 es
2332 4305 2398 4356 tu
2416 4299 2702 4370 Myconius
2716 4301 2762 4354 ‘2‘

549 4403 693 4472 quod
730 4402 937 4473 rhytmi
975 4417 1144 4458 causa
1180 4401 1522 4472 probandum
1563 4417 1672 4458 non
1707 4401 1950 4459 videtur.
2024 4401 2299 4459 Dziatzko
2356 4402 2595 4458 scribere
2650 4418 2764 4458 ma-

550 4504 693 4568 luit:
731 4504 1106 4576 ,Adulescens,
1145 4504 1363 4563 dicdum
1399 4504 1486 4560 mi
1522 4519 1744 4574 quaeso,
1780 4520 1841 4562 es
1878 4511 1943 4562 tu
1978 4504 2263 4579 Myconius
2276 4503 2325 4565 Ψ
