<?xml version="1.0" encoding="UTF-8"?>
<!DOCTYPE html PUBLIC "-//W3C//DTD XHTML 1.0 Transitional//EN"
    "http://www.w3.org/TR/xhtml1/DTD/xhtml1-transitional.dtd">
<html xmlns="http://www.w3.org/1999/xhtml" xml:lang="en" lang="en">
 <head>
  <title>
</title>
<meta http-equiv="Content-Type" content="text/html;charset=utf-8" />
  <meta name='ocr-system' content='tesseract 3.04.00' />
  <meta name='ocr-capabilities' content='ocr_page ocr_carea ocr_par ocr_line ocrx_word'/>
</head>
<body>
  <div class='ocr_page' id='page_1' title='image "./deparataxisinte00wenigoog_0075.png"; bbox 0 0 3300 4984; ppageno 0'>
   <div class='ocr_carea' id='block_1_1' title="bbox 1605 62 2381 494">
    <p class='ocr_par' dir='ltr' id='par_1_1' title="bbox 1605 62 2381 494">
     <span class='ocr_line' id='line_1_1' title="bbox 1605 62 2381 494; baseline 0 4490"><span class='ocrx_word' id='word_1_1' title='bbox 1605 62 2381 494; x_wconf 95' lang='lat' dir='ltr'> </span> 
     </span>
    </p>
   </div>
   <div class='ocr_carea' id='block_1_2' title="bbox 544 570 2766 2121">
    <p class='ocr_par' dir='ltr' id='par_1_2' title="bbox 544 570 2766 2121">
     <span class='ocr_line' id='line_1_2' title="bbox 883 570 2765 657; baseline 0.004 -23"><span class='ocrx_word' id='word_1_2' title='bbox 883 570 1074 638; x_wconf 85' lang='lat' dir='ltr'>Andr.</span> <span class='ocrx_word' id='word_1_3' title='bbox 1122 574 1260 637; x_wconf 82' lang='lat'>424.</span> <span class='ocrx_word' id='word_1_4' title='bbox 1307 572 1656 638; x_wconf 89' lang='lat' dir='ltr'>Inunciam</span> <span class='ocrx_word' id='word_1_5' title='bbox 1701 573 1886 654; x_wconf 89' lang='lat' dir='ltr'>intro,</span> <span class='ocrx_word' id='word_1_6' title='bbox 1930 591 2010 638; x_wconf 96' lang='lat' dir='ltr'>ne</span> <span class='ocrx_word' id='word_1_7' title='bbox 2053 574 2117 638; x_wconf 94' lang='lat' dir='ltr'>in</span> <span class='ocrx_word' id='word_1_8' title='bbox 2159 591 2355 654; x_wconf 89' lang='lat' dir='ltr'>mora,</span> <span class='ocrx_word' id='word_1_9' title='bbox 2398 592 2585 656; x_wconf 91' lang='lat' dir='ltr'>quom</span> <span class='ocrx_word' id='word_1_10' title='bbox 2606 593 2765 657; x_wconf 85' lang='lat' dir='ltr'>opus</span> 
     </span>
     <span class='ocr_line' id='line_1_3' title="bbox 2262 689 2552 770; baseline -0.007 -14"><span class='ocrx_word' id='word_1_11' title='bbox 2262 689 2364 770; x_wconf 85' lang='lat' dir='ltr'>sit,</span> <span class='ocrx_word' id='word_1_12' title='bbox 2408 689 2552 755; x_wconf 92' lang='lat' dir='ltr'>sies.</span> 
     </span>
     <span class='ocr_line' id='line_1_4' title="bbox 968 800 2763 882; baseline 0.004 -19"><span class='ocrx_word' id='word_1_13' title='bbox 968 850 1000 882; x_wconf 65' lang='lat'>7,</span> <span class='ocrx_word' id='word_1_14' title='bbox 1110 801 1252 864; x_wconf 85' lang='lat'>467.</span> <span class='ocrx_word' id='word_1_15' title='bbox 1295 800 1421 866; x_wconf 89' lang='lat' dir='ltr'>Sed</span> <span class='ocrx_word' id='word_1_16' title='bbox 1462 819 1733 882; x_wconf 77' lang='lat' dir='ltr'>sequere</span> <span class='ocrx_word' id='word_1_17' title='bbox 1774 819 1876 866; x_wconf 92' lang='lat' dir='ltr'>me</span> <span class='ocrx_word' id='word_1_18' title='bbox 1918 801 2105 882; x_wconf 91' lang='lat' dir='ltr'>intro,</span> <span class='ocrx_word' id='word_1_19' title='bbox 2149 820 2231 868; x_wconf 91' lang='lat' dir='ltr'>ne</span> <span class='ocrx_word' id='word_1_20' title='bbox 2258 803 2322 866; x_wconf 94' lang='lat' dir='ltr'>in</span> <span class='ocrx_word' id='word_1_21' title='bbox 2345 821 2521 868; x_wconf 86' lang='lat' dir='ltr'>mora</span> <span class='ocrx_word' id='word_1_22' title='bbox 2541 802 2634 868; x_wconf 92' lang='lat' dir='ltr'>illi</span> <span class='ocrx_word' id='word_1_23' title='bbox 2654 801 2763 870; x_wconf 78' lang='lat' dir='ltr'>sis·</span> 
     </span>
     <span class='ocr_line' id='line_1_5' title="bbox 877 913 2247 996; baseline 0.002 -19"><span class='ocrx_word' id='word_1_24' title='bbox 877 913 1112 979; x_wconf 86' lang='lat' dir='ltr'>Heaut.</span> <span class='ocrx_word' id='word_1_25' title='bbox 1157 918 1282 981; x_wconf 69' lang='lat'>510</span> <span class='ocrx_word' id='word_1_26' title='bbox 1321 933 1412 996; x_wconf 90' lang='lat' dir='ltr'>sq.</span> <span class='ocrx_word' id='word_1_27' title='bbox 1460 914 1747 981; x_wconf 92' lang='lat' dir='ltr'>Concedo</span> <span class='ocrx_word' id='word_1_28' title='bbox 1766 915 1933 991; x_wconf 71' lang='lat' dir='ltr'>‚hinc</span> <span class='ocrx_word' id='word_1_29' title='bbox 1975 916 2247 996; x_wconf 74' lang='lat' dir='ltr'>domum,</span> 
     </span>
     <span class='ocr_line' id='line_1_6' title="bbox 967 1025 2444 1110; baseline 0.003 -22"><span class='ocrx_word' id='word_1_30' title='bbox 967 1025 1062 1091; x_wconf 91' lang='lat' dir='ltr'>Ne</span> <span class='ocrx_word' id='word_1_31' title='bbox 1105 1045 1216 1093; x_wconf 88' lang='lat' dir='ltr'>nos</span> <span class='ocrx_word' id='word_1_32' title='bbox 1259 1028 1430 1093; x_wconf 91' lang='lat' dir='ltr'>inter</span> <span class='ocrx_word' id='word_1_33' title='bbox 1469 1047 1580 1094; x_wconf 92' lang='lat' dir='ltr'>nos</span> <span class='ocrx_word' id='word_1_34' title='bbox 1625 1046 1971 1110; x_wconf 81' lang='lat' dir='ltr'>congruere</span> <span class='ocrx_word' id='word_1_35' title='bbox 2012 1028 2107 1093; x_wconf 90' lang='lat' dir='ltr'>illi</span> <span class='ocrx_word' id='word_1_36' title='bbox 2148 1030 2444 1096; x_wconf 80' lang='lat' dir='ltr'>sentiant.</span> 
     </span>
     <span class='ocr_line' id='line_1_7' title="bbox 880 1139 2766 1224; baseline 0.004 -22"><span class='ocrx_word' id='word_1_37' title='bbox 880 1139 1146 1220; x_wconf 89' lang='lat' dir='ltr'>Adelph.</span> <span class='ocrx_word' id='word_1_38' title='bbox 1194 1144 1333 1205; x_wconf 85' lang='lat'>712.</span> <span class='ocrx_word' id='word_1_39' title='bbox 1380 1141 1506 1207; x_wconf 85' lang='lat' dir='ltr'>Sed</span> <span class='ocrx_word' id='word_1_40' title='bbox 1546 1160 1725 1208; x_wconf 87' lang='lat' dir='ltr'>cesso</span> <span class='ocrx_word' id='word_1_41' title='bbox 1780 1142 1877 1207; x_wconf 90' lang='lat' dir='ltr'>ire</span> <span class='ocrx_word' id='word_1_42' title='bbox 1939 1143 2125 1224; x_wconf 87' lang='lat' dir='ltr'>intro,</span> <span class='ocrx_word' id='word_1_43' title='bbox 2193 1161 2273 1209; x_wconf 92' lang='lat' dir='ltr'>ne</span> <span class='ocrx_word' id='word_1_44' title='bbox 2332 1161 2544 1210; x_wconf 88' lang='lat' dir='ltr'>morae</span> <span class='ocrx_word' id='word_1_45' title='bbox 2607 1144 2766 1209; x_wconf 89' lang='lat' dir='ltr'>meis</span> 
     </span>
     <span class='ocr_line' id='line_1_8' title="bbox 889 1244 2549 1338; baseline 0.002 -21"><span class='ocrx_word' id='word_1_46' title='bbox 889 1244 897 1250; x_wconf 74' lang='grc'>’</span> <span class='ocrx_word' id='word_1_47' title='bbox 1792 1255 2044 1338; x_wconf 73' lang='lat' dir='ltr'>‘nuptiis</span> <span class='ocrx_word' id='word_1_48' title='bbox 2088 1261 2339 1338; x_wconf 84' lang='lat' dir='ltr'>egomet</span> <span class='ocrx_word' id='word_1_49' title='bbox 2381 1257 2499 1322; x_wconf 89' lang='lat' dir='ltr'>sim</span> <span class='ocrx_word' id='word_1_50' title='bbox 2516 1256 2549 1320; x_wconf 64' lang='lat'>5&gt;</span> 
     </span>
     <span class='ocr_line' id='line_1_9' title="bbox 544 1365 2764 1451; baseline 0.002 -22"><span class='ocrx_word' id='word_1_51' title='bbox 544 1365 756 1430; x_wconf 86' lang='lat' dir='ltr'>Etiam</span> <span class='ocrx_word' id='word_1_52' title='bbox 794 1366 900 1431; x_wconf 95' lang='lat' dir='ltr'>illo</span> <span class='ocrx_word' id='word_1_53' title='bbox 944 1366 1078 1432; x_wconf 91' lang='lat' dir='ltr'>loco</span> <span class='ocrx_word' id='word_1_54' title='bbox 1121 1385 1316 1448; x_wconf 88' lang='lat' dir='ltr'>supra</span> <span class='ocrx_word' id='word_1_55' title='bbox 1373 1365 1566 1432; x_wconf 83' lang='lat' dir='ltr'>allato</span> <span class='ocrx_word' id='word_1_56' title='bbox 1625 1367 1819 1436; x_wconf 87' lang='lat' dir='ltr'>Andr.</span> <span class='ocrx_word' id='word_1_57' title='bbox 1863 1371 1985 1434; x_wconf 82' lang='lat'>227</span> <span class='ocrx_word' id='word_1_58' title='bbox 2043 1368 2397 1436; x_wconf 89' lang='lat' dir='ltr'>coniunctio</span> <span class='ocrx_word' id='word_1_59' title='bbox 2451 1373 2570 1451; x_wconf 89' lang='lat' dir='ltr'>‚ne‘</span> <span class='ocrx_word' id='word_1_60' title='bbox 2623 1387 2764 1434; x_wconf 86' lang='lat' dir='ltr'>ver-</span> 
     </span>
     <span class='ocr_line' id='line_1_10' title="bbox 547 1477 1497 1563; baseline 0.004 -20"><span class='ocrx_word' id='word_1_61' title='bbox 547 1477 692 1544; x_wconf 91' lang='lat' dir='ltr'>bum</span> <span class='ocrx_word' id='word_1_62' title='bbox 737 1481 1140 1558; x_wconf 85' lang='lat' dir='ltr'>,conveniam‘</span> <span class='ocrx_word' id='word_1_63' title='bbox 1183 1482 1497 1563; x_wconf 79' lang='lat' dir='ltr'>sequitur:</span> 
     </span>
     <span class='ocr_line' id='line_1_11' title="bbox 967 1575 2764 1678; baseline 0.002 -18"><span class='ocrx_word' id='word_1_64' title='bbox 967 1575 1366 1675; x_wconf 86' lang='lat' dir='ltr'>,Conveniam</span> <span class='ocrx_word' id='word_1_65' title='bbox 1413 1594 1842 1676; x_wconf 89' lang='lat' dir='ltr'>Pamphilum,</span> <span class='ocrx_word' id='word_1_66' title='bbox 1914 1615 1994 1662; x_wconf 91' lang='lat' dir='ltr'>ne</span> <span class='ocrx_word' id='word_1_67' title='bbox 2051 1596 2130 1661; x_wconf 91' lang='lat' dir='ltr'>de</span> <span class='ocrx_word' id='word_1_68' title='bbox 2170 1596 2289 1662; x_wconf 86' lang='lat' dir='ltr'>hac</span> <span class='ocrx_word' id='word_1_69' title='bbox 2332 1616 2404 1662; x_wconf 91' lang='lat' dir='ltr'>re</span> <span class='ocrx_word' id='word_1_70' title='bbox 2446 1603 2633 1678; x_wconf 89' lang='lat' dir='ltr'>pater</span> <span class='ocrx_word' id='word_1_71' title='bbox 2671 1598 2764 1663; x_wconf 93' lang='lat' dir='ltr'>in-</span> 
     </span>
     <span class='ocr_line' id='line_1_12' title="bbox 1809 1708 2567 1793; baseline 0.001 -18"><span class='ocrx_word' id='word_1_72' title='bbox 1809 1708 2185 1791; x_wconf 85' lang='lat' dir='ltr'>prudentem</span> <span class='ocrx_word' id='word_1_73' title='bbox 2235 1712 2567 1793; x_wconf 87' lang='lat' dir='ltr'>opprimat.</span> 
     </span>
     <span class='ocr_line' id='line_1_13' title="bbox 968 1824 1580 1904; baseline 0 -14"><span class='ocrx_word' id='word_1_74' title='bbox 968 1824 1077 1904; x_wconf 87' lang='lat' dir='ltr'>‚Ut</span> <span class='ocrx_word' id='word_1_75' title='bbox 1118 1828 1216 1888; x_wconf 92' lang='lat' dir='ltr'>ne‘</span> <span class='ocrx_word' id='word_1_76' title='bbox 1259 1825 1580 1890; x_wconf 90' lang='lat' dir='ltr'>invenitur</span> 
     </span>
     <span class='ocr_line' id='line_1_14' title="bbox 873 1938 2763 2024; baseline 0.002 -22"><span class='ocrx_word' id='word_1_77' title='bbox 873 1939 1033 2004; x_wconf 91' lang='lat' dir='ltr'>Eun.</span> <span class='ocrx_word' id='word_1_78' title='bbox 1078 1942 1218 2004; x_wconf 85' lang='lat'>945.</span> <span class='ocrx_word' id='word_1_79' title='bbox 1264 1939 1606 2024; x_wconf 28' lang='lat' dir='ltr'>Itaque‘ut</span> <span class='ocrx_word' id='word_1_80' title='bbox 1647 1958 1729 2004; x_wconf 91' lang='lat' dir='ltr'>ne</span> <span class='ocrx_word' id='word_1_81' title='bbox 1772 1939 2071 2020; x_wconf 89' lang='lat' dir='ltr'>viderem,</span> <span class='ocrx_word' id='word_1_82' title='bbox 2116 1939 2347 2004; x_wconf 89' lang='lat' dir='ltr'>misera</span> <span class='ocrx_word' id='word_1_83' title='bbox 2389 1938 2513 2005; x_wconf 89' lang='lat' dir='ltr'>huc</span> <span class='ocrx_word' id='word_1_84' title='bbox 2557 1939 2763 2022; x_wconf 84' lang='lat' dir='ltr'>ecfugi</span> 
     </span>
     <span class='ocr_line' id='line_1_15' title="bbox 2361 2053 2549 2121; baseline 0.011 -2"><span class='ocrx_word' id='word_1_85' title='bbox 2361 2053 2549 2121; x_wconf 77' lang='lat' dir='ltr'>foras,</span> 
     </span>
    </p>
   </div>
   <div class='ocr_carea' id='block_1_3' title="bbox 541 2184 2764 3634">
    <p class='ocr_par' dir='ltr' id='par_1_3' title="bbox 542 2184 2763 2723">
     <span class='ocr_line' id='line_1_16' title="bbox 543 2184 2761 2270; baseline 0.001 -20"><span class='ocrx_word' id='word_1_86' title='bbox 543 2184 638 2250; x_wconf 89' lang='lat' dir='ltr'>Ne</span> <span class='ocrx_word' id='word_1_87' title='bbox 681 2185 830 2267; x_wconf 91' lang='lat' dir='ltr'>quid</span> <span class='ocrx_word' id='word_1_88' title='bbox 872 2186 1101 2268; x_wconf 90' lang='lat' dir='ltr'>reliqui</span> <span class='ocrx_word' id='word_1_89' title='bbox 1137 2186 1361 2252; x_wconf 88' lang='lat' dir='ltr'>fecisse</span> <span class='ocrx_word' id='word_1_90' title='bbox 1383 2186 1727 2266; x_wconf 88' lang='lat' dir='ltr'>videamur,</span> <span class='ocrx_word' id='word_1_91' title='bbox 1774 2205 2351 2270; x_wconf 76' lang='lat' dir='ltr'>commemoremuS,</span> <span class='ocrx_word' id='word_1_92' title='bbox 2396 2187 2761 2268; x_wconf 81' lang='lat' dir='ltr'>saepissime</span> 
     </span>
     <span class='ocr_line' id='line_1_17' title="bbox 543 2299 2762 2382; baseline 0.001 -20"><span class='ocrx_word' id='word_1_93' title='bbox 543 2299 711 2378; x_wconf 91' lang='lat' dir='ltr'>apud</span> <span class='ocrx_word' id='word_1_94' title='bbox 755 2299 1123 2364; x_wconf 91' lang='lat' dir='ltr'>Terentium</span> <span class='ocrx_word' id='word_1_95' title='bbox 1172 2337 1234 2346; x_wconf 89' lang='lat'>——</span> <span class='ocrx_word' id='word_1_96' title='bbox 1289 2300 1511 2381; x_wconf 84' lang='lat' dir='ltr'>viginti</span> <span class='ocrx_word' id='word_1_97' title='bbox 1554 2319 1749 2365; x_wconf 93' lang='lat' dir='ltr'>unum</span> <span class='ocrx_word' id='word_1_98' title='bbox 1804 2301 2091 2382; x_wconf 84' lang='lat' dir='ltr'>exempla</span> <span class='ocrx_word' id='word_1_99' title='bbox 2140 2300 2492 2366; x_wconf 85' lang='lat' dir='ltr'>invenimus</span> <span class='ocrx_word' id='word_1_100' title='bbox 2534 2335 2617 2346; x_wconf 91' lang='lat'><strong>—</strong></span> <span class='ocrx_word' id='word_1_101' title='bbox 2659 2318 2762 2365; x_wconf 93' lang='lat' dir='ltr'>su-</span> 
     </span>
     <span class='ocr_line' id='line_1_18' title="bbox 542 2413 2760 2496; baseline 0 -19"><span class='ocrx_word' id='word_1_102' title='bbox 542 2413 756 2496; x_wconf 90' lang='lat' dir='ltr'>pinum</span> <span class='ocrx_word' id='word_1_103' title='bbox 801 2413 1064 2478; x_wconf 87' lang='lat' dir='ltr'>alterius</span> <span class='ocrx_word' id='word_1_104' title='bbox 1107 2413 1281 2478; x_wconf 87' lang='lat' dir='ltr'>verbi</span> <span class='ocrx_word' id='word_1_105' title='bbox 1325 2433 1465 2480; x_wconf 89' lang='lat' dir='ltr'>cum</span> <span class='ocrx_word' id='word_1_106' title='bbox 1509 2414 1700 2479; x_wconf 90' lang='lat' dir='ltr'>verbo</span> <span class='ocrx_word' id='word_1_107' title='bbox 1748 2414 2037 2480; x_wconf 91' lang='lat' dir='ltr'>motionis</span> <span class='ocrx_word' id='word_1_108' title='bbox 2081 2414 2477 2479; x_wconf 87' lang='lat' dir='ltr'>coniunctum</span> <span class='ocrx_word' id='word_1_109' title='bbox 2522 2431 2661 2478; x_wconf 89' lang='lat' dir='ltr'>esse</span> <span class='ocrx_word' id='word_1_110' title='bbox 2684 2413 2760 2494; x_wconf 85' lang='lat'>¹).</span> 
     </span>
     <span class='ocr_line' id='line_1_19' title="bbox 542 2526 2763 2609; baseline 0 -17"><span class='ocrx_word' id='word_1_111' title='bbox 542 2527 870 2592; x_wconf 88' lang='lat' dir='ltr'>Postremo</span> <span class='ocrx_word' id='word_1_112' title='bbox 912 2546 1236 2593; x_wconf 90' lang='lat' dir='ltr'>monemus</span> <span class='ocrx_word' id='word_1_113' title='bbox 1252 2579 1267 2609; x_wconf 88' lang='lat'>,</span> <span class='ocrx_word' id='word_1_114' title='bbox 1341 2529 1534 2592; x_wconf 87' lang='lat' dir='ltr'>etiam</span> <span class='ocrx_word' id='word_1_115' title='bbox 1572 2527 1947 2607; x_wconf 82' lang='lat' dir='ltr'>infinitivum</span> <span class='ocrx_word' id='word_1_116' title='bbox 2000 2527 2309 2594; x_wconf 85' lang='lat' dir='ltr'>enuntiati</span> <span class='ocrx_word' id='word_1_117' title='bbox 2362 2527 2567 2592; x_wconf 90' lang='lat' dir='ltr'>finalis</span> <span class='ocrx_word' id='word_1_118' title='bbox 2627 2526 2763 2592; x_wconf 93' lang='lat' dir='ltr'>loco</span> 
     </span>
     <span class='ocr_line' id='line_1_20' title="bbox 542 2640 1897 2723; baseline 0.001 -18"><span class='ocrx_word' id='word_1_119' title='bbox 542 2659 682 2706; x_wconf 89' lang='lat' dir='ltr'>cum</span> <span class='ocrx_word' id='word_1_120' title='bbox 726 2641 1019 2706; x_wconf 91' lang='lat' dir='ltr'>movendi</span> <span class='ocrx_word' id='word_1_121' title='bbox 1061 2640 1269 2706; x_wconf 90' lang='lat' dir='ltr'>verbis</span> <span class='ocrx_word' id='word_1_122' title='bbox 1314 2659 1615 2706; x_wconf 87' lang='lat' dir='ltr'>conexum</span> <span class='ocrx_word' id='word_1_123' title='bbox 1660 2659 1800 2706; x_wconf 89' lang='lat' dir='ltr'>esse</span> <span class='ocrx_word' id='word_1_124' title='bbox 1825 2643 1897 2723; x_wconf 80' lang='grc'>2).</span> 
     </span>
    </p>

    <p class='ocr_par' dir='ltr' id='par_1_4' title="bbox 541 2754 2764 3634">
     <span class='ocr_line' id='line_1_21' title="bbox 709 2754 2763 2836; baseline 0.001 -17"><span class='ocrx_word' id='word_1_125' title='bbox 709 2754 1030 2820; x_wconf 88' lang='lat' dir='ltr'>Praebent</span> <span class='ocrx_word' id='word_1_126' title='bbox 1071 2755 1269 2836; x_wconf 85' lang='lat' dir='ltr'>igitur</span> <span class='ocrx_word' id='word_1_127' title='bbox 1311 2755 1506 2820; x_wconf 86' lang='lat' dir='ltr'>verba</span> <span class='ocrx_word' id='word_1_128' title='bbox 1526 2807 1541 2835; x_wconf 93' lang='lat'>‚</span> <span class='ocrx_word' id='word_1_129' title='bbox 1605 2774 1768 2836; x_wconf 90' lang='lat' dir='ltr'>quae</span> <span class='ocrx_word' id='word_1_130' title='bbox 1815 2755 2104 2820; x_wconf 88' lang='lat' dir='ltr'>movendi</span> <span class='ocrx_word' id='word_1_131' title='bbox 2146 2754 2384 2820; x_wconf 91' lang='lat' dir='ltr'>habent</span> <span class='ocrx_word' id='word_1_132' title='bbox 2426 2755 2763 2833; x_wconf 90' lang='lat' dir='ltr'>notionem,</span> 
     </span>
     <span class='ocr_line' id='line_1_22' title="bbox 543 2867 2763 2950; baseline 0.001 -17"><span class='ocrx_word' id='word_1_133' title='bbox 543 2869 751 2934; x_wconf 86' lang='lat' dir='ltr'>varias</span> <span class='ocrx_word' id='word_1_134' title='bbox 794 2867 961 2950; x_wconf 90' lang='lat' dir='ltr'>apud</span> <span class='ocrx_word' id='word_1_135' title='bbox 997 2868 1364 2934; x_wconf 90' lang='lat' dir='ltr'>Terentium</span> <span class='ocrx_word' id='word_1_136' title='bbox 1407 2875 1771 2934; x_wconf 84' lang='lat' dir='ltr'>structurae</span> <span class='ocrx_word' id='word_1_137' title='bbox 1813 2867 2077 2935; x_wconf 82' lang='lat' dir='ltr'>formas:</span> <span class='ocrx_word' id='word_1_138' title='bbox 2122 2869 2436 2950; x_wconf 90' lang='lat' dir='ltr'>recipiunt</span> <span class='ocrx_word' id='word_1_139' title='bbox 2476 2870 2763 2935; x_wconf 89' lang='lat' dir='ltr'>coniunc-</span> 
     </span>
     <span class='ocr_line' id='line_1_23' title="bbox 541 2982 2763 3064; baseline 0.001 -16"><span class='ocrx_word' id='word_1_140' title='bbox 541 2983 778 3048; x_wconf 89' lang='lat' dir='ltr'>tionem</span> <span class='ocrx_word' id='word_1_141' title='bbox 823 2986 952 3063; x_wconf 89' lang='lat' dir='ltr'>,ut‘,</span> <span class='ocrx_word' id='word_1_142' title='bbox 1026 2982 1337 3064; x_wconf 89' lang='lat' dir='ltr'>supinum,</span> <span class='ocrx_word' id='word_1_143' title='bbox 1402 2982 1777 3048; x_wconf 87' lang='lat' dir='ltr'>infinitivum</span> <span class='ocrx_word' id='word_1_144' title='bbox 1843 2989 1909 3049; x_wconf 88' lang='lat' dir='ltr'>et</span> <span class='ocrx_word' id='word_1_145' title='bbox 1972 3001 2113 3048; x_wconf 87' lang='lat' dir='ltr'>cum</span> <span class='ocrx_word' id='word_1_146' title='bbox 2176 2982 2317 3048; x_wconf 85' lang='lat' dir='ltr'>aliis</span> <span class='ocrx_word' id='word_1_147' title='bbox 2379 2982 2586 3048; x_wconf 87' lang='lat' dir='ltr'>verbis</span> <span class='ocrx_word' id='word_1_148' title='bbox 2650 2991 2763 3050; x_wconf 91' lang='lat' dir='ltr'>aut</span> 
     </span>
     <span class='ocr_line' id='line_1_24' title="bbox 543 3096 2763 3180; baseline 0.002 -19"><span class='ocrx_word' id='word_1_149' title='bbox 543 3096 850 3179; x_wconf 81' lang='lat' dir='ltr'>asyndeto</span> <span class='ocrx_word' id='word_1_150' title='bbox 891 3102 1005 3162; x_wconf 85' lang='lat' dir='ltr'>aut</span> <span class='ocrx_word' id='word_1_151' title='bbox 1047 3097 1374 3178; x_wconf 84' lang='lat' dir='ltr'>particulis</span> <span class='ocrx_word' id='word_1_152' title='bbox 1430 3097 1801 3179; x_wconf 83' lang='lat' dir='ltr'>copulativis</span> <span class='ocrx_word' id='word_1_153' title='bbox 1858 3098 2121 3163; x_wconf 90' lang='lat' dir='ltr'>adiectis</span> <span class='ocrx_word' id='word_1_154' title='bbox 2175 3099 2562 3180; x_wconf 88' lang='lat' dir='ltr'>paratactice</span> <span class='ocrx_word' id='word_1_155' title='bbox 2619 3118 2763 3166; x_wconf 87' lang='lat' dir='ltr'>con-</span> 
     </span>
     <span class='ocr_line' id='line_1_25' title="bbox 541 3209 2764 3294; baseline 0.002 -21"><span class='ocrx_word' id='word_1_156' title='bbox 541 3210 904 3291; x_wconf 84' lang='lat' dir='ltr'>iunguntur.</span> <span class='ocrx_word' id='word_1_157' title='bbox 993 3209 1116 3276; x_wconf 87' lang='lat' dir='ltr'>Sed</span> <span class='ocrx_word' id='word_1_158' title='bbox 1160 3210 1536 3276; x_wconf 91' lang='lat' dir='ltr'>monendum</span> <span class='ocrx_word' id='word_1_159' title='bbox 1581 3216 1681 3276; x_wconf 89' lang='lat' dir='ltr'>est</span> <span class='ocrx_word' id='word_1_160' title='bbox 1720 3210 2006 3276; x_wconf 87' lang='lat' dir='ltr'>omnibus</span> <span class='ocrx_word' id='word_1_161' title='bbox 2045 3211 2169 3275; x_wconf 90' lang='lat' dir='ltr'>illis</span> <span class='ocrx_word' id='word_1_162' title='bbox 2210 3211 2379 3292; x_wconf 89' lang='lat' dir='ltr'>locis,</span> <span class='ocrx_word' id='word_1_163' title='bbox 2427 3209 2534 3277; x_wconf 91' lang='lat' dir='ltr'>ubi</span> <span class='ocrx_word' id='word_1_164' title='bbox 2576 3231 2764 3294; x_wconf 89' lang='lat' dir='ltr'>para-</span> 
     </span>
     <span class='ocr_line' id='line_1_26' title="bbox 544 3324 2762 3408; baseline 0.002 -20"><span class='ocrx_word' id='word_1_165' title='bbox 544 3327 708 3390; x_wconf 87' lang='lat' dir='ltr'>taxis</span> <span class='ocrx_word' id='word_1_166' title='bbox 749 3345 900 3392; x_wconf 84' lang='lat' dir='ltr'>usus</span> <span class='ocrx_word' id='word_1_167' title='bbox 953 3326 1257 3407; x_wconf 86' lang='lat' dir='ltr'>occurrit,</span> <span class='ocrx_word' id='word_1_168' title='bbox 1329 3325 1519 3391; x_wconf 89' lang='lat' dir='ltr'>verbo</span> <span class='ocrx_word' id='word_1_169' title='bbox 1587 3328 1727 3408; x_wconf 88' lang='lat' dir='ltr'>(aut</span> <span class='ocrx_word' id='word_1_170' title='bbox 1780 3324 2085 3407; x_wconf 89' lang='lat' dir='ltr'>asyndeto</span> <span class='ocrx_word' id='word_1_171' title='bbox 2142 3332 2255 3390; x_wconf 91' lang='lat' dir='ltr'>aut</span> <span class='ocrx_word' id='word_1_172' title='bbox 2306 3327 2762 3408; x_wconf 87' lang='lat' dir='ltr'>particularum</span> 
     </span>
     <span class='ocr_line' id='line_1_27' title="bbox 543 3438 2761 3523; baseline 0.001 -21"><span class='ocrx_word' id='word_1_173' title='bbox 543 3441 750 3520; x_wconf 79' lang='lat' dir='ltr'>nexu).</span> <span class='ocrx_word' id='word_1_174' title='bbox 782 3440 1070 3523; x_wconf 84' lang='lat' dir='ltr'>sequenti</span> <span class='ocrx_word' id='word_1_175' title='bbox 1122 3439 1289 3505; x_wconf 90' lang='lat' dir='ltr'>idem</span> <span class='ocrx_word' id='word_1_176' title='bbox 1347 3457 1487 3505; x_wconf 89' lang='lat' dir='ltr'>esse</span> <span class='ocrx_word' id='word_1_177' title='bbox 1545 3438 1895 3504; x_wconf 87' lang='lat' dir='ltr'>subiectum</span> <span class='ocrx_word' id='word_1_178' title='bbox 1952 3443 2146 3520; x_wconf 91' lang='lat' dir='ltr'>atque</span> <span class='ocrx_word' id='word_1_179' title='bbox 2201 3439 2395 3505; x_wconf 87' lang='lat' dir='ltr'>verbo</span> <span class='ocrx_word' id='word_1_180' title='bbox 2452 3440 2761 3522; x_wconf 90' lang='lat' dir='ltr'>movendi,</span> 
     </span>
     <span class='ocr_line' id='line_1_28' title="bbox 544 3539 2762 3634; baseline 0 -16"><span class='ocrx_word' id='word_1_181' title='bbox 544 3552 708 3633; x_wconf 87' lang='lat' dir='ltr'>quod</span> <span class='ocrx_word' id='word_1_182' title='bbox 771 3552 1109 3620; x_wconf 87' lang='lat' dir='ltr'>antecedit.</span> <span class='ocrx_word' id='word_1_183' title='bbox 1194 3554 1374 3618; x_wconf 92' lang='lat' dir='ltr'>Unus</span> <span class='ocrx_word' id='word_1_184' title='bbox 1439 3539 1610 3617; x_wconf 83' lang='lat' dir='ltr'>locus</span> <span class='ocrx_word' id='word_1_185' title='bbox 1673 3551 1896 3634; x_wconf 92' lang='lat' dir='ltr'>(Andr.</span> <span class='ocrx_word' id='word_1_186' title='bbox 1942 3552 2093 3634; x_wconf 84' lang='lat'>854)</span> <span class='ocrx_word' id='word_1_187' title='bbox 2156 3552 2558 3633; x_wconf 86' lang='lat' dir='ltr'>excipiendus</span> <span class='ocrx_word' id='word_1_188' title='bbox 2622 3573 2762 3620; x_wconf 87' lang='lat' dir='ltr'>esse</span> 
     </span>
    </p>
   </div>
   <div class='ocr_carea' id='block_1_4' title="bbox 546 3664 2863 3748">
    <p class='ocr_par' dir='ltr' id='par_1_5' title="bbox 546 3664 2863 3748">
     <span class='ocr_line' id='line_1_29' title="bbox 546 3664 2863 3748; baseline 0.001 -18"><span class='ocrx_word' id='word_1_189' title='bbox 546 3665 816 3744; x_wconf 89' lang='lat' dir='ltr'>videtur,</span> <span class='ocrx_word' id='word_1_190' title='bbox 861 3665 972 3731; x_wconf 91' lang='lat' dir='ltr'>sed</span> <span class='ocrx_word' id='word_1_191' title='bbox 1018 3666 1118 3730; x_wconf 89' lang='lat' dir='ltr'>hic</span> <span class='ocrx_word' id='word_1_192' title='bbox 1162 3684 1406 3748; x_wconf 89' lang='lat' dir='ltr'>quoque</span> <span class='ocrx_word' id='word_1_193' title='bbox 1452 3665 1825 3731; x_wconf 88' lang='lat' dir='ltr'>coniunctivi</span> <span class='ocrx_word' id='word_1_194' title='bbox 1871 3664 2249 3731; x_wconf 83' lang='lat' dir='ltr'>exhortativi</span> <span class='ocrx_word' id='word_1_195' title='bbox 2291 3665 2493 3733; x_wconf 85' lang='lat' dir='ltr'>forma</span> <span class='ocrx_word' id='word_1_196' title='bbox 2534 3685 2762 3748; x_wconf 89' lang='lat' dir='ltr'>‚suma-</span> <span class='ocrx_word' id='word_1_197' title='bbox 2859 3701 2863 3707; x_wconf 89' lang='lat'>·</span> 
     </span>
    </p>
   </div>
   <div class='ocr_carea' id='block_1_5' title="bbox 544 3775 2761 3863">
    <p class='ocr_par' dir='ltr' id='par_1_6' title="bbox 544 3775 2761 3863">
     <span class='ocr_line' id='line_1_30' title="bbox 544 3775 2761 3863; baseline 0 -18"><span class='ocrx_word' id='word_1_198' title='bbox 544 3783 704 3845; x_wconf 89' lang='lat' dir='ltr'>mus‘</span> <span class='ocrx_word' id='word_1_199' title='bbox 745 3779 822 3860; x_wconf 79' lang='lat' dir='ltr'>is,</span> <span class='ocrx_word' id='word_1_200' title='bbox 886 3779 994 3861; x_wconf 93' lang='lat' dir='ltr'>qui</span> <span class='ocrx_word' id='word_1_201' title='bbox 1035 3779 1412 3860; x_wconf 86' lang='lat' dir='ltr'>appellatur,</span> <span class='ocrx_word' id='word_1_202' title='bbox 1479 3780 1855 3844; x_wconf 87' lang='lat' dir='ltr'>continetur.</span> <span class='ocrx_word' id='word_1_203' title='bbox 1943 3777 2021 3843; x_wconf 92' lang='lat' dir='ltr'>In</span> <span class='ocrx_word' id='word_1_204' title='bbox 2064 3775 2162 3844; x_wconf 89' lang='lat' dir='ltr'>his</span> <span class='ocrx_word' id='word_1_205' title='bbox 2203 3786 2415 3845; x_wconf 86' lang='lat' dir='ltr'>autem</span> <span class='ocrx_word' id='word_1_206' title='bbox 2458 3780 2761 3863; x_wconf 84' lang='lat' dir='ltr'>exemplis</span> 
     </span>
    </p>
   </div>
   <div class='ocr_carea' id='block_1_6' title="bbox 547 3941 969 3952">
    <p class='ocr_par' dir='ltr' id='par_1_7' title="bbox 547 3941 969 3952">
     <span class='ocr_line' id='line_1_31' title="bbox 547 3941 969 3952; baseline 0 1032"><span class='ocrx_word' id='word_1_207' title='bbox 547 3941 969 3952; x_wconf 95' lang='lat' dir='ltr'> </span> 
     </span>
    </p>
   </div>
   <div class='ocr_carea' id='block_1_7' title="bbox 546 4023 2763 4520">
    <p class='ocr_par' dir='ltr' id='par_1_8' title="bbox 547 4023 2763 4214">
     <span class='ocr_line' id='line_1_32' title="bbox 689 4023 2763 4111; baseline -0.001 -17"><span class='ocrx_word' id='word_1_208' title='bbox 689 4041 745 4111; x_wconf 90' lang='lat'>1)</span> <span class='ocrx_word' id='word_1_209' title='bbox 784 4039 853 4094; x_wconf 91' lang='lat' dir='ltr'>In</span> <span class='ocrx_word' id='word_1_210' title='bbox 890 4039 1062 4095; x_wconf 89' lang='lat' dir='ltr'>Andr.</span> <span class='ocrx_word' id='word_1_211' title='bbox 1100 4040 1204 4093; x_wconf 78' lang='lat'>515</span> <span class='ocrx_word' id='word_1_212' title='bbox 1239 4039 1462 4109; x_wconf 85' lang='lat' dir='ltr'>propius</span> <span class='ocrx_word' id='word_1_213' title='bbox 1502 4039 1787 4095; x_wconf 85' lang='lat' dir='ltr'>consilium</span> <span class='ocrx_word' id='word_1_214' title='bbox 1842 4038 2067 4109; x_wconf 85' lang='lat' dir='ltr'>supino,</span> <span class='ocrx_word' id='word_1_215' title='bbox 2122 4023 2413 4094; x_wconf 75' lang='lat' dir='ltr'>remotius</span> <span class='ocrx_word' id='word_1_216' title='bbox 2442 4039 2541 4106; x_wconf 91' lang='lat' dir='ltr'>,ut‘</span> <span class='ocrx_word' id='word_1_217' title='bbox 2586 4037 2763 4107; x_wconf 87' lang='lat' dir='ltr'>parti-</span> 
     </span>
     <span class='ocr_line' id='line_1_33' title="bbox 547 4142 1052 4214; baseline -0.002 -16"><span class='ocrx_word' id='word_1_218' title='bbox 547 4143 673 4200; x_wconf 83' lang='lat' dir='ltr'>cula</span> <span class='ocrx_word' id='word_1_219' title='bbox 711 4142 1052 4214; x_wconf 83' lang='lat' dir='ltr'>exprimitur.</span> 
     </span>
    </p>

    <p class='ocr_par' dir='ltr' id='par_1_9' title="bbox 546 4243 2763 4520">
     <span class='ocr_line' id='line_1_34' title="bbox 686 4243 2761 4316; baseline -0.002 -14"><span class='ocrx_word' id='word_1_220' title='bbox 686 4249 740 4316; x_wconf 86' lang='grc'>2)</span> <span class='ocrx_word' id='word_1_221' title='bbox 777 4249 860 4302; x_wconf 92' lang='lat' dir='ltr'>De</span> <span class='ocrx_word' id='word_1_222' title='bbox 913 4246 1016 4301; x_wconf 90' lang='lat' dir='ltr'>hoc</span> <span class='ocrx_word' id='word_1_223' title='bbox 1063 4245 1338 4302; x_wconf 88' lang='lat' dir='ltr'>infinitivo</span> <span class='ocrx_word' id='word_1_224' title='bbox 1387 4246 1538 4300; x_wconf 88' lang='lat' dir='ltr'>finali</span> <span class='ocrx_word' id='word_1_225' title='bbox 1589 4245 1657 4300; x_wconf 88' lang='lat' dir='ltr'>cf.</span> <span class='ocrx_word' id='word_1_226' title='bbox 1710 4245 1772 4300; x_wconf 92' lang='lat' dir='ltr'>P.</span> <span class='ocrx_word' id='word_1_227' title='bbox 1810 4246 1985 4300; x_wconf 83' lang='lat' dir='ltr'>Barth</span> <span class='ocrx_word' id='word_1_228' title='bbox 2040 4245 2076 4300; x_wconf 92' lang='lat'>1.</span> <span class='ocrx_word' id='word_1_229' title='bbox 2118 4246 2153 4299; x_wconf 90' lang='lat' dir='ltr'>l.</span> <span class='ocrx_word' id='word_1_230' title='bbox 2194 4262 2246 4314; x_wconf 93' lang='lat' dir='ltr'>p.</span> <span class='ocrx_word' id='word_1_231' title='bbox 2288 4246 2373 4302; x_wconf 87' lang='lat'>13.</span> <span class='ocrx_word' id='word_1_232' title='bbox 2448 4243 2555 4312; x_wconf 79' lang='lat' dir='ltr'>Qui</span> <span class='ocrx_word' id='word_1_233' title='bbox 2591 4243 2761 4299; x_wconf 83' lang='lat' dir='ltr'>etiam</span> 
     </span>
     <span class='ocr_line' id='line_1_35' title="bbox 548 4346 2763 4412; baseline -0.002 -8"><span class='ocrx_word' id='word_1_234' title='bbox 548 4349 717 4412; x_wconf 87' lang='lat' dir='ltr'>‚dare‘</span> <span class='ocrx_word' id='word_1_235' title='bbox 759 4349 1014 4404; x_wconf 86' lang='lat' dir='ltr'>movendi</span> <span class='ocrx_word' id='word_1_236' title='bbox 1054 4349 1237 4404; x_wconf 86' lang='lat' dir='ltr'>verbis</span> <span class='ocrx_word' id='word_1_237' title='bbox 1276 4350 1698 4404; x_wconf 85' lang='lat' dir='ltr'>adscribendum</span> <span class='ocrx_word' id='word_1_238' title='bbox 1737 4365 1853 4403; x_wconf 88' lang='lat' dir='ltr'>esse</span> <span class='ocrx_word' id='word_1_239' title='bbox 1894 4349 2139 4403; x_wconf 84' lang='lat' dir='ltr'>affirmat</span> <span class='ocrx_word' id='word_1_240' title='bbox 2187 4354 2246 4402; x_wconf 89' lang='lat' dir='ltr'>et</span> <span class='ocrx_word' id='word_1_241' title='bbox 2306 4349 2474 4402; x_wconf 85' lang='lat' dir='ltr'>Andr.</span> <span class='ocrx_word' id='word_1_242' title='bbox 2514 4347 2622 4401; x_wconf 87' lang='lat'>484</span> <span class='ocrx_word' id='word_1_243' title='bbox 2656 4346 2763 4402; x_wconf 89' lang='lat' dir='ltr'>huc</span> 
     </span>
     <span class='ocr_line' id='line_1_36' title="bbox 546 4450 1866 4520; baseline 0 -14"><span class='ocrx_word' id='word_1_244' title='bbox 546 4459 804 4508; x_wconf 86' lang='lat' dir='ltr'>revocat:</span> <span class='ocrx_word' id='word_1_245' title='bbox 845 4451 1022 4520; x_wconf 80' lang='lat' dir='ltr'>,Quod</span> <span class='ocrx_word' id='word_1_246' title='bbox 1059 4451 1196 4504; x_wconf 82' lang='lat' dir='ltr'>iussi</span> <span class='ocrx_word' id='word_1_247' title='bbox 1235 4450 1287 4504; x_wconf 89' lang='lat' dir='ltr'>ei</span> <span class='ocrx_word' id='word_1_248' title='bbox 1326 4450 1456 4504; x_wconf 82' lang='lat' dir='ltr'>dare</span> <span class='ocrx_word' id='word_1_249' title='bbox 1495 4451 1699 4507; x_wconf 90' lang='lat' dir='ltr'>bibere‘</span> <span class='ocrx_word' id='word_1_250' title='bbox 1740 4492 1754 4505; x_wconf 89' lang='lat'>.</span> <span class='ocrx_word' id='word_1_251' title='bbox 1798 4492 1809 4506; x_wconf 90' lang='lat'>.</span> <span class='ocrx_word' id='word_1_252' title='bbox 1853 4491 1866 4506; x_wconf 83' lang='lat'>.</span> 
     </span>
    </p>
   </div>
  </div>
 </body>
</html>
