3300 4984
1467 375 1875 443 -55-

556 557 706 619 tura
747 550 1084 619 invenitur.
1170 551 1353 618 Unde
1395 552 1799 634 perspicuum
1844 571 1983 619 esse
2025 552 2296 634 videtur,
2340 571 2467 621 non
2489 553 2779 621 coniunc-

554 667 796 734 tionem
839 657 951 748 ,ut‘
992 667 1286 733 omissam
1343 686 1546 750 neque
1603 667 2099 734 subaudiendam
2154 686 2295 736 esse
2348 668 2430 734 ad
2489 669 2780 735 coniunc-

555 779 759 847 tivum
800 780 1007 847 solute
1052 781 1343 862 positum,
1387 781 1501 845 sed
1531 781 1898 846 Terentium
1920 781 2171 848 omnino
2192 800 2316 847 non
2344 782 2779 848 coniunctione

559 895 671 974 ,ut‘
720 894 1116 960 enuntiatum
1158 893 1598 959 secundarium
1663 912 1805 959 cum
1861 894 2052 960 verbo
2095 895 2273 975 ,volo‘
2317 894 2641 961 conexisse
2682 900 2780 960 at-

557 1024 680 1089 que
723 1008 1006 1074 consulto
1024 1007 1298 1088 priscam
1324 1007 1498 1072 illam
1527 1013 1917 1074 structuram
1940 1009 2394 1091 paratacticam
2418 1027 2776 1090 usurpasse,

554 1137 748 1202 quam
811 1139 1017 1187 sermo
1083 1119 1430 1186 cotidianus
1508 1127 1686 1186 certe
1748 1127 2117 1188 servaverat
2182 1122 2317 1188 eius
2373 1122 2777 1203 temporibus.

558 1232 1026 1301 Posterioribus
1082 1241 1297 1300 autem
1354 1235 1673 1301 aetatibus
1715 1254 1872 1302 -cum
1930 1236 2306 1303 coniunctivi
2355 1237 2549 1304 soluti
2606 1234 2777 1316 u'suS,

557 1352 682 1416 etsi
724 1347 929 1414 rarior
979 1347 1207 1428 factae,
1279 1354 1490 1413 tamen
1553 1349 1617 1414 in
1687 1349 2001 1448 nonnullis
2064 1349 2290 1430 verbis,
2360 1368 2625 1431 quorum
2682 1354 2781 1415 est

558 1465 757 1544 ,volo‘,
803 1459 1090 1528 adhiberi
1132 1480 1257 1528 non
1297 1462 1540 1528 desitus
1570 1468 1761 1543 esset,
1805 1462 2201 1544 grammatici
2216 1463 2290 1546 1),
2334 1460 2642 1546 quomodo
2660 1462 2778 1529 ‚ille

557 1576 965 1659 explicandus
1009 1581 1211 1654 esset,
1283 1595 1406 1641 non
1462 1575 1588 1640 iam
1641 1576 2098 1643 intellexerunt
2151 1582 2345 1660 atque
2388 1576 2543 1643 satis
2584 1575 2779 1641 habu-

557 1697 748 1758 erunt
791 1690 1004 1757 dicere
1051 1690 1550 1756 coniunctionem
1595 1709 1736 1756 esse
1778 1692 2091 1758 omissam.

727 1805 1081 1871 Admodum
1143 1823 1290 1871 raro
1346 1806 1471 1869 alia
1533 1804 1727 1870 verba
1783 1805 2127 1872 voluntatis
2186 1824 2223 1871 a
2285 1805 2585 1871 Terentio
2639 1823 2780 1870 cum

556 1919 949 1987 coniunctivo
977 1918 1191 2015 soluto
1225 1925 1562 2000 ponuntur.
1650 1918 1914 2000 ,Moneo‘
1956 1919 2236 1986 occurrit
2269 1919 2517 1985 adiecto
2557 1937 2780 2000 prono-

556 2035 757 2101 mine:

893 2146 1047 2213 Hec.
1096 2148 1218 2212 766
1260 2165 1353 2228 sq.
1417 2145 1655 2212 Verum
1711 2148 1829 2213 hoc
1884 2153 1951 2214 te
2000 2166 2225 2214 moneo
2268 2166 2481 2228 unum,
2546 2147 2784 2213 amicus

1547 2255 1752 2338 qualis
1794 2256 1913 2322 sim
1954 2263 2069 2322 aut
2108 2256 2258 2339 quid
2297 2256 2570 2337 possiem

984 2369 1202 2436 Potius
1243 2387 1431 2450 quam
1473 2368 1778 2451 inimicus,
1822 2369 2127 2452 periclum
2168 2369 2379 2435 facias.
2414 2410 2421 2418 ·

561 2485 1003 2568 (Enuntiatum
1062 2483 1519 2562 secundarium,
1582 2519 1659 2530 -
1715 2484 2275 2564 interrogationem
2334 2481 2648 2565 obliquam
2704 2499 2781 2546 ex

558 2599 750 2666 verbo
805 2602 1113 2681 sequente
1185 2597 1649 2678 dependentem
1701 2634 1785 2642 —
1840 2598 2241 2664 interiectum
2306 2602 2405 2662 est
2473 2596 2592 2661 hoc
2648 2595 2783 2660 loco

555 2713 726 2778 inter
789 2712 1054 2779 verbum
1119 2715 1374 2792 ,mones‘
1459 2717 1526 2777 et
1589 2711 2053 2778 coniunctivum
2110 2713 2386 2778 solutum
2452 2710 2685 2792 ,facias‘
2710 2710 2779 2792 ⁴2).

556 2827 914 2908 ,Adhortor‘
954 2827 1307 2892 invenitur:
2764 2833 2774 2843 ⁴

892 2942 1055 3008 Eun.
1100 2944 1241 3007 583.
1285 2939 1604 3006 Adhortor
1646 2946 2013 3021 properent.

557 3057 696 3122 Non
739 3055 819 3121 ad
861 3055 1318 3138 paratacticam
1361 3054 1627 3120 formam
1670 3033 1993 3136 pertinere
2040 3059 2194 3136 puto
2235 3055 2401 3119 hunc
2443 3053 2682 3119 locumt

893 3169 1160 3251 Adelph.
1204 3172 1329 3235 489
1367 3188 1458 3252 sq.
1504 3169 1699 3235 Illaec
1742 3168 1932 3236 fidem
1968 3187 2133 3236 nunc
2161 3175 2445 3236 nostram
2466 3168 2780 3249 implorat,

2292 3283 2567 3349 Demea:

981 3396 1157 3476 Quod
1202 3415 1310 3462 vos
1353 3397 1453 3463 ius
1497 3397 1681 3478 cogit,
1722 3397 1787 3462 id
1832 3397 2161 3464 voluntate
2201 3397 2523 3479 impetret.

554 3512 657 3579 Sic
697 3510 1097 3577 scribendum
1141 3517 1208 3577 et
1267 3505 1843 3594 interpungendum
1900 3531 2039 3579 esse
2098 3531 2240 3580 cum
2294 3511 2682 3578 Dziatzkone
2702 3509 2778 3593 ³).

555 3627 919 3694 statuimus.
1005 3626 1167 3692 Nam
1210 3627 1381 3692 nulla
1412 3627 1659 3693 ratione
1694 3627 1864 3693 inter
1886 3647 1954 3694 se
1982 3629 2384 3694 continentur
2426 3626 2619 3692 verba
2650 3626 2782 3706 ,im-

554 3740 783 3822 plorat‘
830 3746 898 3807 et
952 3741 1310 3823 ,impetret‘,
1367 3740 1480 3806 sed
1534 3742 1765 3822 Hegio,
1817 3744 1922 3823 qui
1979 3741 2172 3808 verba
2228 3743 2428 3808 allata
2480 3742 2778 3824 loquitur,

557 3854 867 3935 enuntiat,
919 3855 1116 3935 illam,
1175 3856 1215 3919 i.
1260 3873 1314 3919 e.
1370 3855 1781 3937 Pamphilam,
1846 3857 2125 3922 Demeae
2178 3856 2365 3922 fidem
2430 3856 2778 3938 explorare,

555 3969 869 4051 simulque
910 3968 1088 4034 addit
1130 3969 1291 4034 hanc
1327 3987 1506 4035 suam
1534 3971 1923 4051 optationem
1966 3971 2051 4052 ,id
2080 3971 2409 4037 voluntate
2438 3969 2779 4052 impetret‘.

706 4209 764 4278 1)
803 4208 872 4264 cf.
911 4209 1182 4267 Ptiscian.
1224 4209 1436 4266 XVIII.
1479 4211 1564 4278 10,
1601 4209 1691 4266 89.

699 4311 757 4381 2)
797 4313 866 4368 cf.
904 4314 1138 4370 Beckeri
1175 4313 1532 4381 sententiam,
1577 4331 1741 4382 quam
1779 4315 2074 4372 attulimus
2112 4315 2171 4371 in
2209 4316 2336 4372 adn.
2375 4332 2505 4386 pag.
2543 4317 2632 4372 38.

699 4416 758 4484 3)
797 4415 864 4470 cf.
905 4417 1024 4471 eius
1061 4417 1186 4472 adn.
1227 4415 1350 4471 crit.
1389 4417 1462 4472 ad
1497 4416 1642 4473 hunc
1678 4417 1858 4475 locum
1894 4418 1954 4475 in
1992 4418 2083 4478 ed.
2124 4417 2335 4476 Teubn.
