3300 4984
1366 433 1453 446 ..-
1533 351 1783 463 89...-

811 575 1063 643 Phorm.
1107 577 1249 642 673.
1293 575 1440 641 Mea
1482 593 1674 640 causa
1716 574 1969 641 eicitur:
2012 593 2113 640 me
2155 575 2271 640 hoc
2302 580 2402 673 est
2429 593 2697 656 aequom

2170 690 2485 757 amittere.

819 804 973 871 Hec.
1015 807 1157 870 229.
1206 804 1352 870 Sola
1392 803 1493 869 hic
1536 803 1747 871 fuisti:
1791 805 1855 870 in
1898 810 1968 871 te
2009 804 2211 870 omnis
2249 804 2476 871 haeret
2517 806 2704 887 culpa

1981 919 2135 1000 sola,
2184 919 2492 986 Sostrata.

655 1034 1013 1101 Posteriore
1060 1033 1388 1099 enuntiato
1434 1051 1624 1099 causa
1666 1033 2057 1100 continetur:

824 1149 1017 1216 Andr.
1064 1151 1207 1215 819.
1250 1149 1491 1230 Sequar
1512 1148 1661 1215 hos:
1704 1168 1806 1215 me
1842 1150 1985 1216 nolo
2025 1149 2092 1215 in
2137 1153 2423 1232 tempore
2461 1150 2579 1216 hoc
2621 1151 2711 1217 vi-

2093 1262 2245 1332 deat
2285 1284 2495 1332 senex.

829 1378 1058 1444 Heaut.
1102 1380 1248 1442 247.
1333 1378 1472 1443 Non
1537 1378 1820 1460 oportuit
1885 1377 2169 1445 relictas:
2240 1385 2501 1462 portant
2564 1378 2713 1461 quid

2256 1493 2501 1558 reruml

835 1605 994 1670 Eun.
1039 1606 1162 1670 859
1200 1623 1291 1688 sq.
1329 1605 1451 1671 Vix
1494 1624 1594 1670 me
1632 1605 1923 1671 contineo
1964 1605 2112 1688 quin
2159 1606 2427 1671 involem

924 1719 1208 1784 Monstro
1249 1719 1335 1782 .in
1392 1718 1720 1801 capillum:
1806 1718 1999 1784 etiam
2054 1718 2225 1786 ultro
2282 1719 2559 1785 derisum
2610 1718 2720 1785 ad-

2317 1834 2509 1901 venit.

839 1947 1091 2015 Phorm.
1135 1951 1257 2014 457
1300 1965 1392 2030 sq.
1460 1949 1593 2029 Ego
1634 1948 1905 2030 amplius
1948 1947 2424 2014 deliberandum
2467 1965 2722 2015 censeo:

930 2061 1058 2127 Res
1099 2066 1407 2144 magnast.

885 2225 918 2259 „
1131 2177 1272 2242 851.
1315 2175 1814 2242 Familiariorem
1855 2182 2108 2259 oportet
2139 2195 2278 2243 esse
2307 2177 2506 2243 hunc:
2549 2175 2730 2242 mini-

2046 2296 2223 2358 tatur
2265 2292 2518 2358 malum.

680 2404 752 2469 In
797 2403 1102 2486 eligendis
1143 2404 1242 2470 his
1285 2405 1588 2486 exemplis
1630 2404 1970 2487 plurimum
2028 2405 2392 2487 diligentiae
2447 2404 2734 2476 adhiberi

519 2523 791 2599 oportet,
859 2537 940 2583 ne
997 2518 1124 2584 alia
1189 2517 1596 2600 proferantur
1658 2520 1778 2585 nisi
1838 2538 2000 2603 quae
2061 2520 2370 2585 rationem
2422 2520 2737 2585 causalem

520 2639 745 2713 aperte
783 2613 1146 2700 ostendunt.
1232 2633 1441 2716 Atque
1485 2633 1649 2698 hanc
1690 2634 2151 2700 sententiarum
2178 2634 2348 2700 inter
2384 2651 2455 2699 se
2482 2634 2743 2715 iungen-

523 2745 746 2812 darum
790 2748 1096 2813 rationem
1114 2799 1130 2829 ,
1196 2766 1320 2829 qua
1386 2749 1755 2814 Terentium
1818 2767 2019 2830 aeque
2083 2767 2156 2814 ac
2220 2748 2515 2815 Plautum
2557 2766 2742 2813 usum
2864 2801 2867 2805 .

527 2879 667 2928 esse
709 2861 1012 2941 videmuS,
1074 2863 1156 2927 ad
1193 2862 1526 2943 parataxin
1569 2864 1893 2944 pertinere
1934 2881 2118 2929 nemo
2162 2863 2285 2929 erit
2301 2913 2317 2943 ,
2382 2862 2487 2943 qui
2529 2865 2741 2941 neget.

526 2977 766 3043 Tamen
807 2976 1041 3042 addere
1085 2995 1207 3043 non
1241 2978 1705 3058 praetermitto,
1750 2995 2144 3059 nequaquam
2185 2976 2337 3042 mihi
2373 2994 2744 3059 persuasum

531 3109 670 3157 esse
711 3091 778 3156 in
821 3091 1124 3173 exemplis
1167 3090 1376 3157 allatis
1433 3096 1824 3157 structuram
1876 3091 2324 3173 paratacticam
2384 3110 2497 3173 pro
2553 3089 2746 3172 hypo-

530 3205 767 3269 tactica
807 3203 885 3269 de
929 3205 1187 3270 consilio
1244 3204 1513 3286 positam
1572 3222 1711 3269 esse
1755 3223 1794 3269 a
1834 3211 2025 3286 poeta
2077 3222 2280 3285 neque
2336 3203 2750 3285 subiungendi

534 3317 841 3384 rationem
883 3318 948 3382 in
1002 3318 1092 3384 eis
1149 3318 1500 3400 exspectari
1605 3317 1986 3400 Plerumque
2045 3318 2209 3383 enim
2264 3317 2564 3400 distingui
2619 3336 2749 3382 om.-

535 3432 682 3497 nino
723 3451 847 3497 non
889 3451 1072 3515 posse
1113 3433 1422 3513 fatemur,
1493 3436 1708 3497 utrum
1764 3433 2161 3500 enuntiatum
2204 3433 2457 3499 maioris
2496 3433 2582 3498 sit
2621 3452 2751 3498 mo-

537 3545 753 3625 menti,
797 3553 870 3610 ut
911 3547 1275 3628 primarium
1315 3544 1643 3641 habeatur.
1733 3546 1944 3625 Quare
1986 3546 2197 3612 inillis
2225 3546 2543 3627 exemplis,
2587 3563 2750 3626 quae

539 3660 888 3744 asyndeton
962 3661 1298 3743 praebent,
1361 3661 1830 3729 consecutivum
1897 3661 1998 3727 vel
2059 3661 2308 3727 causale
2323 3713 2338 3742 ,
2413 3660 2758 3743 particulas

544 3792 735 3856 ,ergo,
792 3775 1004 3856 igitur,
1062 3778 1261 3856 nam‘‚
1334 3776 1572 3842 similes
1614 3775 1836 3841 eodem
1878 3775 2017 3840 iure
2059 3776 2357 3856 supplere
2401 3774 2569 3854 licet,
2634 3792 2757 3855 quo

543 3887 817 3954 alterum
863 3888 1258 3954 enuntiatum
1311 3888 1501 3956 alteri
1552 3887 2052 3969 subiungendum
2108 3905 2246 3953 esse
2292 3886 2551 3953 iudices.
2635 3885 2760 3952 Ubi

545 4005 760 4066 autem
805 4000 928 4067 duo
971 4003 1319 4082 enuntiata,
1375 4021 1639 4085 quorum
1698 4007 1993 4068 neutrum
2036 4002 2339 4067 minorem
2380 3999 2574 4067 habet
2616 4001 2763 4078 vim,

546 4115 860 4195 particula
899 4116 1032 4182 sive
1076 4116 1323 4182 adiecta
1364 4117 1498 4182 sive
1539 4116 1773 4182 omissa
1824 4117 2001 4181 iuxta
2043 4134 2113 4181 se
2156 4120 2493 4198 ponuntur,
2559 4114 2624 4178 in
2664 4113 2764 4179 his

553 4229 856 4310 exemplis
900 4230 1353 4312 paratacticam
1407 4229 1845 4312 hypotacticae
1897 4233 2261 4295 structurae
2325 4227 2461 4294 loco
2504 4244 2768 4308 usurpa-

552 4350 686 4412 tam
749 4364 890 4413 esse
946 4347 1200 4412 minime
1259 4346 1674 4413 concedimus.
1760 4344 1927 4410 Illud
1985 4350 2235 4410 tantum
2294 4363 2370 4409 ex
2424 4341 2769 4409 crebritate

557 4479 770 4528 eorum
814 4462 1112 4544 locorum,
1157 4460 1382 4543 quibus
1424 4459 1804 4527 cohaerendi
1846 4459 2012 4526 ratio
2044 4459 2108 4524 in
2151 4458 2482 4525 sententiis
2508 4457 2769 4544 iungen-
