3300 4984
1462 380 1881 446 -33-

907 557 1142 626 Heaut.
1185 562 1328 628 245.
1375 559 1655 626 Minume
1697 548 1924 628 mirum
1970 559 2083 646 (sc.
2126 559 2271 627 illas
2308 579 2450 628 esse
2479 559 2795 644 relictas):

1852 675 2011 778 adeo
2051 674 2375 758 inpeditae
2415 681 2583 742 sunt.

573 789 851 915 Similem
893 809 1077 858 usum
1119 790 1469 872 particulae
1514 790 1710 870 ,‘adeo
1757 789 2023 872 praebet
2063 789 2399 855 Horatius:

908 923 1006 987 ep.
1047 904 1248 986 11.1‚
1305 907 1387 970 53
1433 923 1526 986 sq.
1615 903 1893 972 Naevius
1930 903 1997 968 in
2054 902 2344 969 manibus
2399 921 2523 969 non
2575 906 2678 968 est
2730 907 2799 968 et
2843 977 2855 984 .

1998 1016 2316 1083 mentibus
2358 1016 2588 1082 haeret

995 1131 1206 1198 Paene
1247 1133 1514 1199 recens?
1556 1131 1717 1198 adeo
1758 1137 2112 1198 sanctumst
2140 1136 2325 1199 vetus
2345 1149 2529 1198 omne
2551 1148 2794 1213 poema.

740 1244 944 1312 Multo
985 1244 1202 1327 plures
1241 1245 1649 1312 inveniuntur
1690 1247 1829 1325 loci,
1872 1245 2097 1328 quibus
2143 1245 2512 1327 pronomina
2542 1245 2796 1310 demon-

573 1359 844 1426 strativa
883 1361 1244 1442 sententiae
1287 1360 1623 1441 posteriori
1668 1359 1919 1426 adiecta
1958 1358 2039 1424 ad
2077 1377 2153 1424 ea
2201 1376 2362 1441 quae
2391 1355 2794 1438 antecedunt,

571 1478 864 1554 spectant
908 1478 975 1538 et
1019 1473 1252 1555 aliquid
1301 1491 1440 1539 esse
1484 1473 1789 1539 eiusmodi
1810 1471 2181 1554 significant,
2226 1477 2301 1537 ut
2326 1470 2394 1536 id
2417 1469 2582 1553 quod
2603 1475 2798 1536 antea

569 1587 808 1654 dictum
849 1592 969 1668 est,
1012 1586 1151 1653 fieri
1192 1587 1474 1670 potuerit
1513 1588 1614 1653 vel
1657 1587 1967 1654 debuerit.
2052 1587 2411 1652 Occurrunt
2450 1585 2566 1651 hoc
2608 1584 2793 1653 modo

571 1699 855 1768 adhibita
895 1700 1198 1768 vocabula
1234 1706 1470 1782 tantus,
1516 1706 1632 1780 tot,
1676 1701 1760 1767 is:

901 1813 1137 1882 Heaut.
1185 1817 1307 1880 679
1349 1834 1440 1898 sq.
1483 1814 1673 1921 Nulla
1730 1815 1881 1879 mihi
1939 1833 2045 1880 res
2104 1813 2367 1896 posthac
2411 1818 2626 1896 potest
2666 1813 2793 1880 iam

1944 1929 2333 1995 intervenire
2378 1932 2579 2010 tanta,

993 2047 1169 2126 Quae
1211 2047 1299 2113 mi
1342 2021 1808 2128 aegritudinem
1852 2044 2133 2112 adferat:
2187 2050 2370 2111 tanta
2411 2044 2571 2110 haec
2613 2043 2793 2110 laeti-

2159 2160 2249 2225 tia
2290 2158 2596 2225 obortast.

1191 2274 1315 2338 632
1355 2291 1490 2356 sqq.
1530 2272 1604 2337 Id
1645 2272 1937 2355 equidem
1982 2292 2117 2354 ege,
2142 2275 2215 2339 ·si
2257 2279 2329 2340 tu
2358 2291 2573 2354 negeS,
2618 2275 2794 2338 certo

2435 2407 2581 2468 scm,

988 2503 1079 2568 Te
1121 2501 1490 2569 inscientem
1549 2507 1742 2585 atque
1798 2502 2245 2584 inprudentem
2304 2502 2515 2569 dicere
2574 2521 2647 2569 ac
2699 2502 2791 2567 fa-

2152 2637 2296 2683 cere
2339 2617 2577 2682 omnia:

986 2734 1108 2802 Tot
1149 2738 1414 2816 peccata
1451 2735 1515 2800 in
1556 2733 1678 2798 hac
1718 2753 1793 2798 re
1834 2732 2132 2800 ostendis,

897 2849 1052 2916 Hec.
1097 2851 1220 2915 702
1263 2866 1354 2930 sq.
1425 2846 1727 2914 Omnibus
1767 2847 1966 2913 modis
2024 2848 2217 2912 miser
2272 2853 2411 2912 su'm
2442 2851 2586 2912 'nec
2642 2845 2791 2928 quid

2184 2979 2370 3042 agam
2412 2978 2573 3026 scio:

983 3077 1105 3145 Tot
1147 3095 1248 3142 me
1291 3078 1476 3141 nunc'
1500 3076 1694 3143 rebus
1738 3077 2041 3142 miserum
2088 3074 2402 3142 concludit
2443 3080 2647 3157 pater.
2736 3100 2741 3104 ·

894 3191 1162 3274 Adelph.
1207 3195 1327 3259 301
1374 3210 1465 3274 sq.
1510 3191 1644 3258 Vae
1690 3191 1921 3256 misero
1964 3191 2143 3256 mihi!

981 3306 1104 3373 Tot
1145 3324 1252 3372 res
1293 3312 1560 3388 repente
1617 3305 2096 3372 circumvallant
2154 3323 2225 3370 se
2242 3356 2258 3384 ,
2290 3329 2293 3332 ³
2329 3304 2495 3371 unde
2547 3305 2787 3387 emergi

2174 3439 2297 3485 non
2339 3424 2569 3501 potest.

726 3531 971 3614 (Verba
1011 3534 1422 3600 exclamantis
1465 3540 1631 3615 sunt,
1678 3553 1841 3617 quae
1885 3539 2137 3600 exstant
2165 3534 2231 3598 in
2262 3553 2317 3599 v.
2338 3535 2481 3614 301,
2528 3538 2594 3598 et
2615 3531 2785 3602 idem

559 3646 795 3728 valent,
839 3647 1005 3731 quod
1047 3649 1260 3729 ‚miser
1301 3652 1491 3730 sum‘3
1557 3649 1886 3716 enuntiato
1947 3653 2162 3714 autem
2176 3699 2191 3730 ‚
2256 3647 2422 3730 quod
2477 3647 2783 3774 sequitu-r,

557 3779 754 3829 causa
795 3781 908 3829 cur
950 3763 1321 3830 exclamatio
1361 3763 1492 3845 fiat,
1537 3764 1945 3844 continetur)

893 3877 1156 3961 Adelph.
1202 3881 1344 3945 627.
1403 3878 1478 3945 Id
1519 3879 1725 3962 ipsum
1766 3883 1983 3944 metuo
2043 3884 2116 3944 ut
2158 3877 2439 3944 credant.
2497 3881 2599 3944 tot
2640 3895 2783 3944 con-

1835 3996 2101 4058 currunt
2143 3991 2277 4059 veri
2318 3989 2565 4057 similia.

557 4241 926 4299 'terentianos
964 4243 1158 4299 affert:
1201 4244 1408 4300 Heaut.
1444 4243 1551 4298 242
1587 4261 1703 4314 sqq.
1739 4244 1959 4300 Phorm.
1999 4244 2139 4300 1038
2178 4242 2343 4308 (1040
2369 4243 2453 4297 ed.
2476 4224 2610 4309 ·Dz.)'
2644 4239 2780 4296 Hec.

537 4342 660 4399 499
702 4348 763 4400 et
801 4343 978 4401 Naev.
1015 4344 1112 4401 35¹
1151 4345 1284 4413 (R.).
1361 4345 1506 4414 Quos
1545 4347 1694 4403 locos
1731 4347 1880 4404 inter
1919 4363 1977 4402 se
2016 4347 2179 4405 valde
2206 4341 2436 4404 differre
2455 4359 2775 4416 cognoscas,

549 4445 604 4512 ai
641 4447 958 4511 accuratius
997 4447 1316 4527 inspexeris.

2268 4535 2344 4598 6·
