3300 4984
1421 377 1839 444 ...35-

527 527 838 638 quaedam
900 559 1075 622 certe
1137 556 1520 620 sententiam
1577 555 1893 618 causalem
1949 550 2239 634 flagitare
2296 551 2747 620 Weissenborn

527 686 902 750 persuasum
943 667 1138 734 habet
1180 675 1372 749 atque
1415 667 1537 732 huc
1579 667 1907 748 pertinere
1949 668 2135 732 voces
2180 665 2377 747 perii,
2441 664 2563 746 odi,
2624 664 2747 732 sal-

526 800 663 864 vuS,
701 783 911 863 miser,
953 781 1209 862 stultuS,
1253 781 1519 847 iniurius
1549 784 1709 847 sum‘
1744 779 2079 848 existimat.
2124 779 2366 845 Eadem
2392 775 2530 846 fere
2559 777 2752 846 verba

527 896 820 962 similiter
861 897 1068 976 posita
1111 883 1535 960 inveniuntur
1559 881 1632 959 in'
1667 894 1929 960 Terenti
1970 891 2201 960 fabulis
2245 898 2315 961 et
2357 911 2433 960 ea
2475 892 2750 977 quidem,

529 1012 945 1092 enuntiatum,
1003 1028 1125 1093 quo
1167 1028 1358 1077 causa
1400 1009 1763 1077 continetur
1779 1061 1795 1090 ,
1860 1015 1975 1077 aut
2030 1008 2415 1077 antecedunt
2453 1013 2567 1074 aut
2607 1006 2752 1075 sub-

527 1129 906 1209 sequuntur:

864 1256 1024 1323 Eun.
1073 1258 1216 1323 770.
1258 1255 1447 1336 Perii,
1490 1255 1636 1323 huic
1678 1256 1863 1338 ipsist
1902 1273 2059 1338 opus
2102 1261 2389 1338 patrono,
2431 1272 2618 1338 quem
2642 1250 2752 1322 de-

1345 1459 1352 1464 ·
2004 1368 2322 1437 fensorem
2364 1385 2537 1450 paro.

903 1535 936 1568 ,‚
1067 1487 1208 1549 977.
1249 1482 1446 1548 Perii:
1493 1483 1710 1564 lingua
1751 1483 1980 1549 haeret
2022 1488 2215 1549 metu.

862 1595 1111 1663 Phorm.
1157 1598 1298 1663 386.
1345 1594 1513 1662 Perii
1557 1594 1794 1678 hercle,
1835 1615 2067 1663 nomen
2107 1596 2371 1678 perdidi.

861 1711 1131 1794 Adelph.
1176 1714 1316 1776 227.
1387 1710 1554 1776 Perii
1600 1709 1857 1777 hercle:
1929 1711 2047 1778 hac
2104 1711 2198 1778 illi
2249 1730 2363 1794 spe
2415 1712 2533 1779 hoc
2584 1712 2754 1777 ince-

2290 1832 2540 1908 perunt.

954 1991 987 2024 ,‚
1116 2019 1121 2023 ¹
1159 1941 1300 2005 637.
1348 1939 1542 2006 Pater
1584 1939 1798 2007 hercle
1843 1945 1973 2007 est:
2017 1941 2195 2023 perii.

955 2106 987 2139 ,‚
1159 2057 1283 2120 355
1328 2074 1421 2137 sq.
1467 2053 1774 2138 Disperii!
1821 2054 2267 2137 Ctesiphonem
2308 2053 2517 2121 audivi
2556 2054 2753 2120 filium

953 2169 1098 2235 Una
1137 2168 1332 2235 fuisse
1373 2168 1440 2234 in
1480 2169 1772 2251 raptione
1815 2187 1958 2235 cum
1998 2168 2330 2236 Aeschino.
2376 2249 2381 2253 ¹

865 2300 1096 2366 Heaut.
1138 2303 1282 2366 659.
1330 2299 1581 2366 Interii:
1627 2300 1768 2381 plus
1808 2299 1945 2382 spei
1988 2299 2169 2367 video
2212 2318 2403 2383 quam
2444 2302 2601 2369 volo.

865 2414 1134 2497 Adelph.
1181 2418 1305 2482 265
1347 2434 1437 2497 sq.
1482 2414 1730 2482 Occidi:
1770 2415 1781 2499 Ι
1816 2414 1921 2481 Nil
1963 2415 2164 2484 video.

862 2528 1016 2596 Hec.
1059 2531 1201 2597 638.
1248 2529 1460 2595 Sensit
1497 2529 1859 2611 peperisset
1902 2529 2120 2596 occidi.

858 2644 1091 2711 Heaut.
1133 2646 1276 2711 584.
1321 2644 1643 2710 Actumst:
1706 2644 1810 2709 hic
1863 2645 2040 2726 prius
2088 2663 2160 2710 se
2210 2645 2506 2745 indicarit
2562 2663 2751 2727 quam

1707 2776 1825 2838 ego
1868 2765 2205 2841 argentum
2248 2760 2537 2827 effecero.

867 2873 1023 2938 Eun.
1047 2875 1170 2939 834
1184 2891 1276 2954 sq.
1301 2873 1430 2936 Era
1445 2891 1607 2951 mea,
1632 2881 1775 2938 tace
1792 2880 1933 2940 tace
1954 2873 2231 2954 obsecro,
2264 2875 2479 2942 salvae
2501 2892 2748 2942 sumus:

954 2986 1278 3052 Habemus
1319 2984 1634 3051 hominem
1678 2987 1901 3068 ipsum.

906 3154 938 3187 „
1067 3102 1189 3166 267
1222 3099 1328 3182 sq.
1387 3099 1512 3166 Sed
1557 3101 2015 3168 Parmenomen
2072 3108 2222 3170 ante
2277 3105 2513 3170 ostium
2566 3103 2752 3171 huius

1756 3222 1932 3283 stare
1948 3218 1999 3298 1)
2042 3217 2296 3284 tristem
2335 3218 2537 3286 video,

751 3411 758 3419 ,
951 3329 1190 3396 Rivalis
1232 3348 1510 3396 servom:
1554 3331 1732 3396 salva
1775 3349 1881 3397 res
1930 3336 2044 3398 est.

861 3444 1128 3526 Adelph.
1172 3446 1312 3511 643.
1356 3444 1662 3510 Erubuit:
1707 3444 1885 3511 salva
1922 3464 2027 3512 res
2069 3452 2188 3513 est.

698 3577 1044 3642 Praeterea
1083 3577 1148 3641 in
1193 3576 1284 3642 eis
1326 3575 1552 3657 verbis,
1597 3595 1761 3659 quae
1790 3579 2173 3644 sententiam
2218 3580 2534 3646 causalem
2576 3579 2754 3664 flagi-

533 3697 677 3757 tare
719 3690 1032 3770 videntur,
1080 3690 1302 3770 ‚laudo‘
1342 3690 1797 3756 numerandum
1844 3709 1985 3757 esse
2027 3697 2208 3774 puto:

680 3938 736 4005 1)
775 3936 1016 3994 Maxime
1054 3938 1337 4006 probanda
1379 3936 1514 3991 mihi
1549 3937 1775 3992 videtur
1824 3939 1963 3993 haec
2009 3939 2245 3994 Hauleri
2298 3940 2620 3996 coniectura
2659 3940 2751 4009 (cf.

529 4041 572 4097 1.
609 4040 649 4097 1.
685 4057 737 4110 p.
777 4039 814 4093 4
850 4041 953 4108 sq.)
991 4039 1318 4108 praesertim
1358 4056 1479 4094 cum
1517 4039 1596 4093 sic
1632 4039 1898 4096 facillime
1936 4040 2205 4111 explicari
2240 4042 2434 4112 possit,
2489 4039 2751 4112 qhomodo

533 4144 813 4218 scriptura
869 4142 1131 4209 ‚Thaidis‘
1190 4142 1248 4196 in
1303 4143 1518 4199 codices
1570 4142 1875 4212 irrepserit.
1950 4144 2225 4200 Dziatzko
2279 4145 2575 4216 legendum
2629 4161 2751 4215 pro-

535 4247 693 4319 ponit
731 4248 847 4316 ‚hoc
887 4247 1124 4315 astare‘3
1193 4246 1416 4302 dubitat
1467 4246 1611 4303 enim
1649 4264 1780 4302 num
1816 4248 2104 4318 Parmeno,
2162 4248 2258 4317 qui
2295 4266 2345 4306 v.
2384 4249 2490 4306 207
2528 4263 2645 4318 sqq.
2684 4265 2751 4305 ex

535 4349 908 4406 adulescentis
946 4348 1102 4403 domo
1142 4346 1376 4417 exierat,
1426 4353 1560 4404 tunc
1598 4349 1861 4420 temporis
1912 4354 2045 4406 ante
2092 4349 2324 4407 Thaidis
2373 4350 2547 4420 ipsius
2584 4348 2750 4406 aedes

532 4451 779 4512 steterit.
