3300 4984
1386 417 1843 488 -101-2-

831 593 1062 663 Heaut.
1114 598 1294 664 1012.
1353 596 1668 680 Loquere:
1755 592 1883 661 nilo
1922 594 2130 661 minus
2172 611 2288 676 ego
2327 589 2445 660 hoc
2490 591 2717 660 faciam

2272 713 2509 774 tamen.

501 822 663 907 (Hoc
722 822 858 890 loco
918 823 1083 888 ratio
1149 822 1509 892 concessiva
1570 821 1904 890 manifeste
1970 822 2344 905 exprimitur
2406 821 2719 905 particula

501 937 809 1020 ,tamen‘.)

830 1067 1084 1134 Phorm.
1130 1069 1253 1133 668
1293 1086 1390 1150 sq,
1430 1068 1768 1136 Sescentas
1808 1066 2066 1151 proinde
2103 1067 2366 1135 scribito
2401 1068 2530 1133 iam
2568 1065 2719 1133 mihi

2305 1181 2509 1249 dicas:

923 1296 1028 1362 Nil
1068 1297 1148 1364 do
1165 1297 1235 1380 1).

876 1462 908 1495 ,‚
1079 1414 1222 1478 561.
1270 1410 1726 1478 Audacissume
1767 1410 1978 1477 oneris
2024 1408 2269 1492 quidvis
2312 1410 2560 1492 inpone,
2624 1428 2723 1477 ec-

2323 1522 2508 1590 feret.

836 1637 996 1703 Eun.
1042 1636 1224 1702 1057.
1268 1637 1544 1716 Quodvis
1585 1636 1818 1704 donum
1859 1637 2210 1720 praemium
2247 1656 2287 1703 a
2327 1656 2430 1702 me
2474 1641 2721 1721 optato:

1813 1750 1878 1817 id
1921 1757 2214 1834 optatum
2250 1751 2519 1820 auferes.

502 1882 736 1950 Similis
777 1888 878 1950 est
918 1883 1020 1949 hic
1062 1883 1234 1950 locus
1275 1881 1697 1950 Horatianus:

833 2003 954 2063 sat.
998 1997 1047 2078 Ι,
1089 2001 1150 2078 4,
1193 1999 1275 2062 25
1318 2016 1411 2079 sq.
1463 1997 1762 2076 Quemvis
1804 1999 2012 2065 media
2055 1999 2219 2082 elige
2261 1998 2469 2077 turba,

923 2113 1054 2176 Aut
1095 2109 1174 2177 ob
1215 2111 1548 2176 avaritiam
1592 2117 1706 2177 aut
1747 2112 1981 2177 misera
2022 2111 2359 2178 ambitione
2396 2110 2665 2178 laborat.

503 2223 656 2308 (Sed
710 2225 987 2291 fatemur
1039 2224 1260 2292 eodem
1315 2225 1454 2290 iure
1509 2226 1608 2291 his
1677 2225 1828 2292 locis
1898 2219 2295 2294 enuntiatum
2361 2227 2728 2311 primarium

501 2338 776 2405 alterum
835 2339 1147 2404 enuntiati
1201 2339 1454 2405 relativi
1509 2339 1645 2405 loco
1699 2357 1841 2405 esse
1904 2341 2178 2421 positum
2242 2341 2516 2423 aliquem
2582 2359 2726 2406 con-

504 2453 818 2536 tendere).

671 2567 901 2633 Utrum
941 2567 1250 2633 rationem
1272 2567 1694 2633 concessivam
1724 2584 1806 2631 an
1834 2566 2322 2634 condicionalem
2341 2575 2718 2650 statuamu8‚
2828 2551 2834 2556 ’

505 2680 864 2748 dubitamus
885 2682 939 2765 ²)
981 2683 1046 2747 in

836 2815 985 2880 Hor.
1033 2822 1152 2882 sat.
1196 2815 1275 2894 ΙΙ,
1318 2819 1376 2896 3,
1421 2818 1501 2882 69
1544 2833 1678 2898 sqq.
1726 2814 1941 2883 Scribe
1983 2816 2202 2882 decem
2242 2835 2282 2882 a
2322 2817 2553 2883 Nerio:
2597 2836 2720 2883 non

1662 2934 1762 2994 est
1804 2929 1994 3010 satis;
2038 2929 2201 2995 adde
2250 2930 2509 2996 Cicutae

924 3043 1159 3111 Nodosi
1199 3043 1450 3110 tabulas
1493 3050 1767 3124 centum,
1813 3043 1987 3109 mille
2032 3043 2193 3110 adde
2237 3051 2524 3112 catenas:

925 3159 1201 3239 Effugiet
1243 3164 1458 3224 tamen
1505 3159 1665 3224 haec
1706 3159 2055 3226 sceleratus
2096 3161 2347 3225 vincula
2389 3161 2678 3227 Proteus.

504 3293 629 3359 Sed
671 3293 924 3376 propius
967 3291 1047 3356 ad
1092 3292 1424 3374 parataxin
1469 3292 1889 3358 concessivam
1931 3290 2235 3358 accedere
2290 3293 2455 3358 hunc
2497 3294 2718 3374 locum,

505 3408 817 3490 particula
859 3411 1110 3498 ,tamen‘
1155 3406 1560 3488 significatur.

672 3520 1037 3602 Imperativi
1081 3520 1215 3586 loco
1256 3520 1531 3586 occurrit
1570 3520 2001 3587 coniunctivus
2042 3520 2150 3601 qui
2190 3519 2421 3586 dicitur
2465 3537 2721 3587 conces-

504 3636 675 3702 sivus
695 3636 781 3720 ³):

835 3748 1088 3814 Phorm.
1138 3748 1314 3813 1029.
1362 3747 1609 3814 Redeat
1649 3765 1804 3814 sane
1844 3748 1910 3812 in
1937 3747 2207 3828 gratiam
2249 3748 2407 3814 iam:
2454 3748 2721 3829 supplici

1996 3861 2153 3928 satis
2197 3868 2298 3927 est
2338 3861 2505 3927 mihi.

654 4079 706 4146 1)
747 4080 817 4134 cf.
854 4079 1056 4135 Holtze
1093 4078 1318 4148 11,135
1357 4093 1435 4145 sq.
1474 4077 1640 4143 Loch,
1678 4077 1815 4132 Zum
1854 4077 2144 4133 Gebrauch
2164 4079 2214 4133 d.
2233 4077 2605 4200 Imperativus
2629 4078 2719 4133 bei

507 4181 758 4237 PlautuS.
833 4182 1049 4252 (Progr.
1088 4181 1285 4236 Memel
1325 4180 1490 4248 1871)
1528 4196 1580 4248 p.
1622 4178 1689 4231 12
1728 4194 1803 4245 sq.

651 4284 706 4352 2)
746 4283 816 4337 cf.
857 4284 1081 4352 Kriiger
1118 4285 1189 4338 ad
1228 4285 1278 4337 h.
1318 4280 1835 4349 l.,der1mperativ
1861 4281 2248 4348 hypothetisch
2267 4299 2339 4336 zu
2374 4281 2558 4336 fassen
2587 4280 2719 4336 oder

509 4387 825 4442 concessiv'.
885 4419 890 4424 -

651 4488 709 4556 3)
748 4489 819 4542 cf.
856 4488 1101 4554 Kiihner,
1139 4487 1217 4556 ΙΙ,
1259 4487 1382 4540 143.
