3300 4984
1497 390 1907 453 ...78-

595 559 879 627 tineatur
921 580 1128 644 causa,
1172 581 1298 646 qua
1334 563 1398 630 id
1443 563 1607 646 quod
1649 564 1860 647 priore
1904 562 2249 646 profertur,
2292 561 2585 645 efficitur,
2628 564 2810 645 hanc,

596 693 723 758 qua
763 676 1123 759 cohaerent,
1165 679 1473 745 rationem
1514 679 1830 745 causalem
1874 685 1986 745 aut
2030 679 2493 745 coniunctiones
2522 678 2813 746 subiunc-

597 790 768 857 tivae
789 791 1019 874 (,quod,
1065 798 1248 874 cum‘‚
1278 794 1466 876 aliae)
1488 798 1601 861 aut
1623 794 2023 860 adiunctivae
2052 793 2244 877 (nam,
2286 812 2575 876 namque,
2619 795 2813 876 enim)

592 906 871 974 indicare
913 909 1138 976 solent.

763 1022 887 1089 Sed
931 1029 1185 1089 exstant
1227 1024 1410 1090 multi
1471 1026 1592 1092 loci
1653 1033 1727 1092 ut
1790 1025 1956 1108 apud
2003 1013 2298 1092 Plautum
2340 1027 2435 1090 ita
2485 1021 2655 1105 apud
2695 1022 2814 1088 Te-

598 1135 891 1217 rentium,
937 1136 1162 1219 quibus
1203 1137 1326 1205 alio
1362 1139 1632 1221 quodam
1662 1139 1844 1206 modo
1884 1140 2348 1206 sentantiarum
2383 1156 2584 1203 nexus
2625 1136 2815 1219 signi-

597 1249 842 1317 ficatur.
928 1250 1306 1334 Saepissime
1349 1254 1662 1335 particula
1720 1254 1848 1332 ,ita‘
1905 1254 1970 1320 in
2024 1253 2203 1319 initio
2256 1251 2565 1317 enuntiati
2606 1255 2815 1332 poste-

598 1363 782 1429 rioris
820 1364 1144 1431 invenitur
1182 1366 1390 1448 posita
1433 1385 1510 1431 ea
1549 1367 1795 1432 ratione
1813 1419 1829 1448 ‚
1893 1373 1965 1433 ut
2018 1385 2183 1449 quae
2222 1369 2415 1432 antea
2456 1363 2627 1431 dicta
2668 1369 2817 1430 sunt

599 1477 958 1544 accuratius
1000 1479 1397 1561 explicentur
1439 1486 1550 1546 aut
1591 1481 1734 1546 novi
1777 1480 2012 1562 aliquid
2054 1481 2145 1548 eis
2186 1479 2485 1546 momenti
2528 1477 2813 1559 addatur,

599 1609 722 1674 quo
766 1591 858 1673 fit,
921 1599 996 1659 ut
1046 1593 1217 1660 haud
1276 1614 1421 1661 raro
1465 1596 1783 1661 causalem
1827 1614 2031 1677 paene
2086 1595 2399 1662 notionem
2454 1597 2719 1674 usurpet
2740 1591 2813 1675 1).

600 1704 966 1774 Terentiani
1018 1706 1159 1786 loci,
1233 1709 1340 1790 qui
1396 1708 1563 1775 hunc
1624 1727 1809 1776 usum
1870 1709 2219 1792 particulae
2284 1706 2412 1788 ,ita‘
2456 1704 2817 1784 ostendunt,

595 1819 663 1886 hi
708 1826 890 1886 sunt:

934 1934 1129 2000 Andr.
1180 1939 1298 2000 172
1339 1954 1473 2019 sqq.
1539 1935 1679 2002 Non
1729 1935 2053 2002 dubiumst
2068 1987 2083 2017 ,
2148 1935 2297 2017 quin
2349 1951 2610 1999 uxorem
2664 1930 2821 1999 nolit

2403 2047 2603 2128 filius;

1021 2167 1124 2232 Ita
1165 2166 1406 2232 Davom
1447 2167 1633 2232 modo
1676 2166 1903 2232 timere
1947 2163 2134 2244 sensi,
2180 2161 2283 2228 ubi
2324 2160 2579 2243 nuptias

1022 2280 1298 2346 Futuras
1343 2298 1483 2346 esse
1527 2278 1789 2345 audivit.

977 2443 1009 2476 „
1180 2395 1298 2458 201
1346 2412 1438 2475 sq.
1483 2392 1681 2458 Immo
1724 2369 1949 2457 callide
1994 2389 2106 2474 (sc.
2145 2387 2486 2472 intellexi):

1025 2507 1126 2572 Ita
1167 2513 1390 2589 aperte
1429 2506 1633 2589 ipsam
1679 2524 1817 2572 rem
1857 2505 2039 2571 modo
2079 2502 2349 2570 locutu’s
2396 2555 2410 2568 .
2454 2551 2469 2568 .
2518 2552 2532 2567 .
2580 2553 2594 2568 .

980 2671 1012 2704 „
1187 2623 1326 2686 761.
1371 2621 1452 2686 Di
1481 2626 1548 2686 te
1571 2620 1933 2685 eradicent!
1976 2618 2071 2684 ita
2096 2637 2197 2683 me
2218 2617 2514 2682 miseram
2544 2613 2824 2682 territas.

981 2784 1013 2818 ,,
1185 2738 1326 2802 937.
1379 2735 1497 2800 Vix
1539 2753 1680 2800 sum
1722 2733 1890 2816 apud
1933 2750 2069 2797 me:
2138 2733 2233 2796 ita
2272 2731 2517 2796 animus
2561 2745 2827 2794 commo-

2072 2850 2211 2912 tust
2252 2850 2430 2911 metu
2476 2897 2489 2910 .
2536 2895 2550 2911 .
2597 2897 2611 2910 .

940 2964 1170 3031 Heaut.
1214 2966 1338 3031 308
1380 2984 1473 3047 sq.
1519 2965 1685 3030 Prae
1728 2963 1975 3046 gaudio,
2016 2962 2112 3028 ita
2150 2980 2253 3027 me
2294 2959 2399 3026 die
2442 2963 2677 3040 ament,
2719 2958 2826 3026 ubi

2212 3075 2332 3142 sim
2373 3074 2614 3141 nescio:

1029 3193 1131 3258 Ita
1172 3192 1372 3259 timui.

988 3356 1021 3389 „
1192 3307 1315 3371 668
1355 3325 1446 3388 sq.
1492 3304 1627 3370 Nisi
1674 3323 1775 3370 me
1817 3306 2063 3371 animus
2105 3303 2270 3370 fallit
2311 3301 2600 3382 multum,
2659 3299 2829 3367 haud

1393 3420 1663 3487 multum
1703 3438 1744 3485 a
1786 3439 1888 3486 me
1929 3418 2136 3485 aberit
2173 3417 2614 3485 infortunium:

1031 3532 1131 3599 Ita
1173 3532 1291 3600 hac
1334 3553 1407 3600 re
1447 3534 1513 3599 in
1555 3540 1895 3616 angustum
1937 3531 2164 3614 oppido
2208 3548 2372 3596 nunc
2392 3547 2573 3596 meae
2602 3547 2830 3612 cogun-

2222 3654 2331 3713 tur
2383 3645 2615 3728 copiae.

988 3814 1020 3847 „
1191 3767 1332 3830 815.
1374 3764 1617 3830 Vellem
1658 3765 1873 3830 hercle
1914 3763 2170 3842 factum,
2222 3761 2315 3826 ita
2354 3759 2659 3827 meritu’s.

989 3929 1020 3962 ,‚
1190 3882 1314 3944 978
1357 3898 1449 3962 sq.
1497 3878 1657 3959 Vah,
1738 3895 1999 3958 rogasse
2062 3875 2290 3943 vellem
2336 3923 2351 3939 .
2396 3925 2409 3939 .
2456 3925 2471 3943 .
2519 3873 2689 3942 unde
2743 3873 2829 3938 mi

2048 3993 2334 4072 peterem
2378 3986 2616 4053 cibum:

1035 4104 1136 4171 Ita
1176 4124 1289 4172 nos
1331 4101 1645 4173 alienavit.

760 4249 818 4312 1)
855 4249 937 4304 De
974 4250 1082 4303 hac
1117 4248 1528 4319 significatione
1564 4248 1880 4318 particulae
1938 4247 2041 4303 ita‘
2079 4247 2302 4302 Braune
2342 4245 2417 4315 (p.
2439 4244 2529 4312 18)
2569 4240 2830 4298 disseruit

612 4348 962 4420 Langenium
999 4355 1240 4417 secutus,
1277 4351 1370 4418 qui
1408 4350 1476 4406 de
1514 4352 1619 4406 hac
1657 4366 1718 4406 re
1757 4350 1880 4420 egit
1915 4349 1951 4404 1.
1993 4349 2029 4404 l.
2066 4348 2168 4402 231
2211 4363 2327 4416 sqq.
2366 4347 2449 4401 cf.
2489 4345 2660 4401 etiam
2684 4342 2827 4398 Nae-

613 4451 896 4526 gelsbach,
934 4452 1061 4508 Lat.
1104 4452 1258 4509 Stil!
1297 4452 1347 4524 S.
1377 4454 1496 4524 189,
1538 4454 1589 4509 2.
1630 4452 1891 4524 Seyffert,
1930 4451 2105 4509 Schol.
2143 4451 2273 4507 Lat.
2310 4450 2370 4506 II
2406 4449 2459 4520 S.
2496 4448 2565 4504 56
2604 4461 2723 4518 sqq.
