3300 4984
1399 399 1808 465 ..45-

830 575 1062 644 Heaut.
1106 577 1228 643 925
1271 593 1364 660 sq,
1409 578 1536 644 Fac
1579 585 1646 644 te
1690 583 1939 661 patrem
1982 595 2123 645 esse
2170 578 2431 660 sentiat;
2496 577 2597 646 fac
2637 581 2713 645 ut

2268 691 2503 760 audeat

914 805 1053 873 Tibi
1094 806 1354 873 credere
1394 809 1604 874 omnia
1649 859 1663 873 .
1710 859 1723 873 .
1771 855 1788 874 .

660 937 820 1020 (Hoc
850 936 1071 1005 eodem
1111 939 1175 1005 in
1218 953 1410 1007 versu
1449 941 1725 1026 priorem
1751 941 2198 1023 imperativum
2241 940 2379 1022 ,fac‘
2423 941 2711 1007 coniunc-

492 1049 662 1117 tivus
703 1050 967 1135 solutus,
1009 1052 1281 1119 alterum
1326 1054 1677 1121 coniunctio
1716 1059 1828 1136 ,ut‘
1871 1055 2205 1139 sequitur.)

827 1180 1094 1265 Adelph.
1141 1185 1266 1252 380
1304 1203 1397 1267 sq.
1443 1184 1844 1253 Salsamenta
1884 1186 2062 1270 haec,
2111 1186 2473 1269 Stephanio,

915 1297 1044 1364 Fac
1084 1304 1490 1366 macerentur
1531 1300 1815 1382 pulchre.

1120 1416 1241 1478 511
1284 1432 1379 1497 sq.
1443 1413 1627 1498 Bono·
1658 1415 1869 1482 animo
1922 1415 2023 1482 fac
2080 1416 2185 1497 siS,
2258 1416 2565 1498 Sostrata,
2641 1422 2710 1484 et

1856 1527 2069 1596 ‘istam
2110 1528 2277 1612 quod
2317 1534 2499 1612 potes
2624 1577 2631 1604 .

914 1641 1040 1708 Fac
1085 1643 1422 1709 consolere.

1117 1757 1240 1821 813
1282 1773 1376 1838 sq.
1419 1754 1755 1835 conserva,
1814 1774 2069 1838 quaere,
2112 1774 2321 1839 parce,
2378 1756 2480 1822 fac
2520 1775 2709 1840 quam

2157 1871 2498 1952 plurimum

912 1985 1046 2052 Illis
1094 1986 1432 2070 relinquas.
2090 1970 2095 1976 ’

824 2098 1057 2166 Heaut.
1101 2103 1242 2168 550.
1303 2102 1390 2168 At
1440 2101 1599 2167 heus
1658 2108 1749 2184 tu,
1813 2101 2005 2169 facito
2070 2102 2219 2169 dum
2275 2102 2496 2170 eadem
2550 2103 2710 2170 haec

1955 2217 2317 2284 memineris
2360 2268 2376 2285 .
2419 2267 2433 2282 .
2478 2267 2494 2283 .

827 2326 1092 2409 Adelph.
1134 2330 1276 2396 500.
1321 2328 1444 2396 Sed
1482 2329 1742 2412 Demea,
1796 2329 1913 2397 hoc
1956 2336 2030 2396 tu
2072 2329 2263 2398 facito
2316 2348 2458 2397 cum
2499 2331 2705 2398 animo

1619 2506 1626 2509 .
2236 2447 2491 2528 cogites.

1123 2559 1262 2623 808.
1319 2557 1567 2636 Quaeso
1608 2558 1732 2625 hoc
1767 2558 1959 2626 facito
2002 2567 2211 2626 tecum
2258 2560 2513 2642 cogites.

819 2671 1051 2737 Heaut.
1093 2671 1250 2755 prol.
1293 2675 1394 2738 28.
1439 2672 1657 2740 Facite
1701 2676 1884 2758 aequi
1925 2676 2081 2742 sitis.

823 2785 982 2853 Eun.
1027 2788 1167 2853 506.
1211 2787 1393 2852 Domi
1436 2787 1659 2854 adsitis
1700 2788 1908 2855 facite.

823 2899 1086 2981 Adelph.
1131 2920 1226 2983 pr.
1272 2904 1354 2966 24
1395 2919 1487 2984 sq.
1537 2903 1757 2968 Facite
1797 2904 2253 2986 aequanimitas

911 3015 1148 3081 Poetae
1191 3015 1273 3081 ad
1315 3016 1713 3082 scribendum
1757 3024 1992 3099 augeat
2030 3017 2422 3084 industriam.

658 3143 961 3214 Addimus
999 3166 1076 3213 ex
1117 3149 1493 3216 comicorum
1536 3149 1943 3228 fragmentis:

824 3280 1038 3362 Pomp.
1083 3280 1238 3348 Bon.
1285 3283 1422 3348 103.
1479 3283 1662 3349 Nunc
1707 3283 1960 3367 quando
2003 3284 2254 3350 voluisti
2296 3282 2527 3365 facere,
2606 3284 2707 3350 fac

1757 3397 2071 3478 voluptati
2112 3399 2240 3465 sies
2274 3397 2285 3482 Ι
2322 3397 2492 3465 Ibus.

654 3523 909 3591 Falsum
951 3541 1090 3592 esse
1137 3525 1408 3608 videtur,
1453 3528 1615 3611 quod
1658 3528 1964 3595 traditum
2005 3533 2108 3594 est
2147 3528 2211 3593 in

823 3644 1008 3710 Titin.
1055 3643 1240 3728 frgm.
1291 3648 1424 3714 103.
1467 3647 1650 3712 Nunc
1693 3646 1810 3713 hoc
1850 3665 2023 3727 uror,
2068 3663 2235 3712 nunc
2276 3642 2435 3712 haec
2463 3664 2567 3712 res
2603 3661 2705 3712 me

1983 3761 2139 3828 facit
2178 3760 2492 3830 festinem.

485 3890 649 3956 Nam
717 3891 892 3959 nullo
949 3893 1074 3960 alio
1134 3894 1272 3961 loco
1332 3894 1457 3960 alia
1521 3893 1726 3961 forma
1786 3912 1974 3978 quam
2044 3893 2457 3976 imperativus
2527 3891 2705 3959 verbi

487 4008 737 4087 ‚facere‘
779 4027 921 4077 cum
964 4010 1356 4078 coniunctivo
1397 4013 1604 4078 soluto
1634 4012 2037 4094 coniungitur
2066 4017 2330 4093 excepta
2356 4009 2469 4076 illa
2494 4010 2703 4094 prisca

485 4124 689 4190 forma
731 4122 932 4204 ,faxo‘.
1019 4125 1364 4191 Praeterea
1404 4125 1784 4190 monendum
1827 4131 1928 4192 est
1969 4130 2358 4191 structuram
2399 4124 2700 4206 anticipa-

486 4237 674 4304 tionis
715 4238 834 4304 hoc
877 4239 1012 4304 loco
1067 4245 1320 4305 exstare
1338 4291 1353 4320 ,
1417 4258 1544 4323 qua
1594 4257 1897 4307 conexum
1951 4237 2259 4305 enuntiati
2312 4237 2593 4319 primarii
2634 4243 2703 4304 et

484 4350 840 4419 secundarii
905 4353 1207 4419 artiorem
1270 4353 1439 4420 effici
1500 4354 1748 4420 Becker
1811 4352 2270 4421 demonstravit
2284 4403 2300 4434 ,
2376 4358 2452 4419 ut
2510 4370 2701 4436 supra

487 4467 575 4554 (p.
621 4467 729 4548 32)
772 4466 1227 4534 adnotavimus.
2680 4455 2688 4461 ’
