3300 4984
1527 367 1942 431 -60-

1700 660 1777 724 H.

792 840 885 904 Ea
929 838 1248 919 parataxis
1293 855 1553 918 genera,
1592 853 1779 918 ¹quae
1824 836 2032 917 priore
2080 836 2267 902 huius
2310 836 2851 902 commentationis

626 959 810 1036 parte
870 954 1321 1031 enarravimus,
1397 951 1606 1016 verbis
1662 950 2032 1032 quibusdam
2100 952 2265 1017 effici
2322 953 2614 1031 vidimUS,
2687 969 2849 1033 quae
2898 953 2905 959 '

627 1054 956 1134 enuntiata
1017 1066 1414 1132 substantiva
1471 1064 1707 1130 habere
1764 1067 1985 1130 solent.
2088 1067 2406 1132 Sermonis
2458 1073 2673 1132 autem
2726 1087 2849 1134 non

626 1182 830 1246 minus
875 1179 1090 1246 comici
1132 1197 1319 1262 quam
1365 1178 1662 1244 cotidiani
1706 1179 2029 1259 proprium
2062 1197 2202 1245 esse
2233 1185 2501 1265 constat,
2545 1180 2669 1245 alia
2697 1199 2849 1262 quo-

625 1313 747 1376 que
805 1297 1153 1375 enuntiata,
1222 1311 1385 1376 quae
1428 1293 1850 1358 severioribus
1907 1293 2203 1376 loquendi
2258 1293 2502 1376 legibus
2558 1294 2851 1377 subiungi

623 1409 850 1489 solent,
918 1395 1151 1490 partim
1211 1407 1478 1486 ratione,
1551 1425 1677 1489 qua
1732 1407 2153 1488 continentur,
2226 1408 2475 1474 omnino
2534 1409 2846 1490 neglecta,

621 1524 854 1605 partim
913 1522 1450 1611 coniunctionibus
1505 1521 1882 1587 adiunctivis
1938 1522 2237 1588 adhibitis
2290 1523 2679 1604 paratactice
2738 1541 2847 1604 po-

620 1657 794 1703 nere.
881 1636 1006 1704 Sed
1051 1637 1483 1703 difficillimum
1541 1654 1682 1702 esse
1739 1635 2025 1717 plurimis
2080 1636 2145 1700 in
2201 1636 2353 1701 locis
2408 1635 2701 1716 fatemur,
2769 1655 2847 1701 ex

619 1753 1082 1818 sententiarum
1127 1769 1294 1816 nexu
1350 1750 1536 1816 hodie
1581 1767 1991 1830 cognoscere,
2062 1749 2210 1831 quid
2268 1749 2537 1831 scriptor
2591 1751 2729 1831 ipse
2779 1751 2846 1816 in

618 1867 826 1931 animo
868 1865 1162 1931 habuerit
1205 1871 1272 1930 et
1315 1869 1494 1930 certe
1536 1864 1800 1929 definire
1820 1913 1835 1944 ,
1906 1883 2057 1928 num
2112 1863 2236 1929 duo
2292 1865 2638 1946 enuntiata,
2683 1883 2844 1946 quae

619 1980 1008 2062 paratactice
1067 1981 1242 2044 iuxta
1305 1998 1374 2044 se
1436 1985 1775 2061 ponuntur,
1839 1979 1932 2044 ita
1976 1979 2373 2059 cohaereant,
2452 1985 2526 2046 ut
2566 1979 2843 2046 alterum

617 2077 828 2175 alteri,
869 2094 924 2160 si
969 2095 1093 2159 vim
1137 2112 1356 2159 eorum
1407 2093 1927 2174 consideraveris,
1980 2093 2483 2175 subiungendum
2526 2095 2629 2161 sit.
2715 2097 2843 2162 Ita-

618 2229 742 2292 que
783 2210 1052 2276 maxime
1096 2209 1442 2275 cavendum
1487 2215 1604 2288 est,
1649 2228 1730 2289 ne
1775 2210 1960 2275 nimis
2002 2211 2323 2292 parataxis
2363 2211 2840 2294 investigandae

617 2324 826 2390 studio
869 2324 1127 2391 adducti
1169 2325 1360 2390 etiam
1419 2342 1495 2388 ea
1537 2324 1823 2405 exempla
1877 2324 1999 2389 huc
2051 2325 2375 2405 pertinere
2428 2327 2839 2408 suspicemur,

619 2437 724 2504 ubi
767 2456 882 2504 suo
933 2439 1072 2504 iure
1130 2438 1255 2503 duo
1309 2438 1636 2504 enuntiata
1690 2437 1991 2519 primaria
2048 2439 2601 2520 coniunctionibus,
2673 2459 2835 2523 quae

615 2550 698 2616 ad
738 2550 1269 2617 coordinationem
1309 2556 1620 2631 spectant,
1681 2552 1851 2616 inter
1892 2569 1961 2617 se
2015 2552 2416 2621 continentur
2437 2553 2511 2637 1).
2596 2554 2833 2620 Tamen

615 2683 1056 2747 nonnunquam
1101 2683 1178 2730 ea
1219 2683 1468 2747 quoque
1533 2667 1822 2746 exempla
1887 2665 2117 2732 afferre
2181 2685 2305 2732 non
2372 2668 2645 2734 alienum
2690 2668 2833 2747 erit,

610 2781 678 2845 in
720 2778 944 2862 quibus
985 2779 1108 2846 duo
1153 2780 1484 2845 enuntiata
1523 2779 1827 2861 primaria
1869 2800 1984 2863 per
2025 2799 2095 2847 se
2137 2782 2387 2864 quidem
2431 2784 2639 2865 posita
2682 2783 2828 2862 sint,

612 2895 725 2962 sed
767 2897 1042 2962 alterum
1085 2895 1276 2961 alteri
1318 2895 1502 2961 facile
1550 2876 1997 2962 coniunctione⁸
2024 2897 2235 2979 aliqua
2278 2897 2570 2980 subiungi
2596 2897 2828 2980 possit;

611 3029 814 3094 neque
858 3010 1023 3076 enim
1065 3008 1322 3076 dubium
1368 3016 1488 3090 est,
1531 3011 1679 3093 quin
1724 3029 1801 3076 ex
1841 3011 1958 3077 hoc
2001 3030 2249 3094 quoque
2292 3031 2413 3078 usu
2454 3030 2830 3094 cognoscere

610 3122 818 3204 liceat,
880 3123 1252 3188 Terentium
1293 3141 1484 3204 saepe
1526 3123 1875 3206 simplicem
1929 3125 2235 3190 sermonis
2291 3124 2587 3191 cotidiani
2635 3126 2828 3192 ratio-

610 3256 756 3302 nem
795 3237 862 3302 in
903 3238 1239 3304 sententiis
1282 3236 1684 3304 conectendis
1726 3238 1904 3320 sequi
1935 3238 2231 3304 maluisse
2260 3258 2448 3322 quam
2476 3241 2830 3306 severiores

608 3353 890 3440 syntaxis
933 3352 1128 3434 legeS,
1172 3370 1327 3435 quas
1366 3353 1753 3434 posteriores
1794 3353 2133 3434 scriptores
2175 3353 2293 3419 sibi
2339 3361 2625 3422 statuere
2664 3355 2827 3422 sole-

609 3464 783 3532 bant.
870 3467 1035 3532 Sane
1079 3465 1330 3548 quidem
1383 3465 1687 3532 Kiihnero
1742 3466 2209 3560 concedendum
2266 3474 2399 3548 est,
2457 3469 2827 3551 plerumque

608 3579 883 3646 discerni
925 3598 1047 3645 non
1088 3577 1290 3661 posse,
1335 3587 1550 3646 utrum
1604 3587 1794 3662 poeta
1846 3582 2132 3648 consulto
2186 3583 2578 3664 paratactica
2621 3589 2827 3651 struc-

608 3699 758 3760 tura
797 3713 948 3760 usus
989 3695 1076 3760 sit
1129 3712 1210 3759 an
1266 3694 1376 3759 illa
1431 3712 1511 3760 ex
1565 3696 1927 3761 litterarum
1982 3715 2235 3779 genere,
2307 3717 2429 3779 quo
2472 3716 2825 3766 sermonem

607 3807 992 3873 cotidianum
1050 3807 1287 3874 imitari
1351 3808 1698 3889 cogebatur
1714 3861 1729 3890 ,
1805 3809 2148 3892 effluxerit3
2227 3811 2341 3876 sed
2408 3811 2525 3878 hoc
2593 3812 2825 3879 nullius

605 3922 908 3988 momenti
950 3940 1090 3989 esse
1119 3921 1272 3987 mihi
1311 3923 1563 3990 videtur
1604 3925 1672 3989 in
1713 3925 1974 3992 Terenti
2014 3944 2305 3992 sermone
2346 3926 2738 3995 illustrando.

771 4037 908 4116 Quo
965 4036 1212 4104 facilius
1262 4037 1418 4104 locis
1475 4039 1789 4106 Plautinis
1846 4059 1886 4106 a
1938 4040 2445 4108 Weissenbornio
2507 4042 2824 4125 congestis

605 4151 728 4219 loci
767 4151 1136 4219 Terentiani
1177 4153 1529 4235 comparari
1570 4156 1831 4236 possint,
1877 4155 2098 4222 eodem
2135 4156 2355 4222 ordine
2397 4161 2653 4224 servato
2694 4155 2823 4238 pri-

747 4424 800 4500 1)
840 4423 908 4480 cf.
948 4423 1178 4482 Kiihner
1212 4425 1288 4500 11,
1328 4426 1432 4482 756
1468 4442 1550 4498 sq.
