3300 4984
1496 422 1915 486 ...45...

597 597 954 680 praesentis
1003 598 1304 680 temporis
1342 615 1484 664 cum
1527 595 1826 664 vocabulo
1886 596 2067 678 ,faxo‘
2121 613 2423 664 conexum
2475 614 2598 662 non
2640 595 2813 661 inve-

600 711 740 791 niri,
804 712 924 778 nisi
963 711 1108 778 huic
1153 712 1544 793 antepositus
1588 718 1705 778 est.
1790 711 1957 777 Num
2012 711 2340 777 collocatio
2394 709 2572 777 verbi
2628 709 2814 788 ,faxo‘

601 825 863 892 alicuius
919 828 1004 892 sit
1054 827 1388 906 momenti,
1458 827 1819 893 discernere
1874 845 1999 893 non
2054 825 2377 892 audemus.
2476 824 2814 906 Repugnat

599 939 766 1019 enim
809 939 902 1006 illi
942 941 1070 1022 legi
1110 942 1360 1008 Phorm.
1410 961 1463 1006 v.
1515 942 1711 1020 1028,
1778 959 1965 1024 quem
2024 940 2235 1007 codice
2290 938 2593 1004 Bembino
2634 943 2812 1003 recte

597 1052 903 1120 traditum
943 1072 1083 1121 esse
1128 1072 1251 1121 non
1298 1060 1398 1120 est
1449 1073 1560 1120 cur
1599 1074 1918 1137 negemus.
2009 1054 2268 1120 Accedit
2311 1053 2476 1136 quod
2518 1053 2583 1118 in
2625 1053 2813 1119 comi-

599 1186 814 1234 corum
854 1167 1227 1252 fragmentis
1269 1188 1429 1236 unus
1472 1172 1645 1237 locus
1690 1171 1982 1252 occurrit,
2039 1189 2162 1252 quo
2203 1169 2633 1236 coniunctivus
2676 1187 2813 1234 ver-

597 1280 746 1350 bum
790 1280 968 1362 ,faxo‘
1014 1285 1322 1367 sequitur:

927 1397 1142 1465 Afran.
1189 1402 1286 1466 67.
1332 1399 1530 1464 Immo
1573 1399 1681 1465 olli
1717 1399 1937 1464 mitem
1979 1397 2121 1465 faxo
2163 1396 2398 1463 faciant
2437 1396 2727 1464 fustibus.

766 1511 865 1596 (In
908 1511 1067 1578 Eun.
1128 1533 1183 1580 v,
1230 1515 1347 1577 311
1407 1512 1595 1578 Klotz
1649 1531 1728 1576 ex
1787 1499 1997 1578 codice
2050 1509 2352 1577 Bembino
2400 1509 2597 1591 ,faxis‘
2636 1529 2812 1576 rece-

596 1625 711 1707 pit,
755 1625 920 1707 quod
978 1627 1174 1693 ceteri
1232 1624 1578 1692 creditores
1634 1645 1851 1692 omnes
1907 1631 2084 1693 recte
2136 1625 2410 1692 reiciunt
2463 1624 2812 1691 scribentes

598 1736 715 1820 ,fac
751 1737 906 1821 sis‘.)

765 1851 1068 1918 Addimus
1109 1851 1372 1918 formam
1422 1853 1602 1932 ‚faxo‘
1647 1872 1772 1918 uno
1799 1854 1935 1918 loco
1964 1853 2342 1919 Terentiano
2381 1853 2635 1938 (Heaut.
2662 1857 2812 1937 341)

595 1983 736 2030 cum
780 1964 1108 2047 participio
1150 1965 1418 2048 perfecti
1459 1967 1736 2034 iunctam
1785 1985 1922 2032 esse
1963 1971 2037 2033 ut
2059 1967 2264 2034 Plaut.
2308 1968 2470 2036 Rud.
2502 1969 2599 2034 ΠΙ
2626 1972 2685 2049 5,
2727 1971 2806 2034 21

598 2081 750 2164 (800
792 2081 889 2147 ed.
933 2080 1196 2164 Fleck.).

759 2194 938 2262 Aliae
984 2195 1164 2262 verbi.
1199 2195 1398 2276 ,facio‘
1429 2195 1669 2263 formae
1700 2197 1867 2280 apud
1890 2197 2253 2263 Terentium
2276 2199 2325 2278 ¹)
2368 2204 2481 2264 aut
2522 2198 2811 2264 coniunc-

593 2311 794 2377 tivum
839 2306 1114 2378 solutum
1156 2317 1269 2377 aut
1310 2312 1708 2379 enuntiatum
1753 2312 2190 2380 secundarium
2223 2313 2654 2378 coniunctione
2698 2315 2807 2392 ,ut‘

593 2445 904 2492 annexum
946 2425 1200 2494 habent.
1260 2426 1447 2492 'Cum
1505 2428 1881 2494 coniunctivi
1935 2427 2122 2494 soluti
2178 2446 2329 2493 usus
2386 2427 2689 2510 originem
2743 2427 2808 2492 in

594 2547 920 2608 structura
960 2543 1349 2623 paratactica
1391 2562 1532 2610 esse
1575 2543 2003 2624 quaerendam
2044 2549 2357 2624 putemus,
2424 2544 2558 2608 eius
2601 2561 2809 2608 exem-

594 2656 699 2737 pla
739 2656 839 2723 hic
879 2674 1115 2738 ponere
1159 2676 1280 2723 non
1322 2658 1702 2724 omittimus:

928 2771 1085 2838 Eun.
1132 2775 1270 2838 189.
1314 2773 1428 2852 Tu,
1474 2771 1801 2854 Parmeno,
1849 2773 1972 2839 huc
2012 2772 2111 2838 fac
2152 2772 2247 2837 illi
2288 2771 2702 2838 adducantur.

969 2936 1000 2971 „
1133 2889 1271 2953 196.
1323 2886 1502 2952 Meus
1553 2887 1653 2953 fac
1708 2888 1794 2952 sis
1847 2894 2167 2969 postremo
2224 2887 2487 2968 animus,
2558 2888 2807 2970 quando

2091 3020 2207 3083 ego
2249 3021 2387 3068 sum
2432 3008 2592 3069 tuos

969 3168 1000 3200 ,‚
1131 3119 1274 3183 207.
1317 3118 1461 3196 Fac,
1506 3118 1598 3182 ita
1634 3123 1707 3182 ut
1750 3117 1922 3195 iussi,
1966 3116 2362 3182 deducantur
2404 3117 2529 3184 isti.

969 3281 1000 3314 ‚,
1131 3233 1271 3296 311.
1316 3232 1442 3296 Fac
1484 3232 1570 3296 sis
1616 3250 1780 3297 nunc
1825 3231 2133 3312 promissa
2172 3229 2544 3312 adpareant.

971 3395 1002 3427 „
1129 3347 1252 3410 319
1294 3363 1386 3429 sq.
1429 3343 1611 3412 Nunc
1653 3345 1815 3410 hanc
1851 3351 1926 3411 tu
1967 3343 2123 3410 mihi
2160 3345 2263 3410 vel
2304 3345 2492 3410 vivel
2521 3345 2682 3410 clam
2703 3345 2805 3410 vel

2308 3459 2594 3542 precario

1013 3576 1140 3642 Fac
1186 3576 1420 3644 tradas.

971 3739 1002 3773 „
1131 3689 1258 3756 500
1295 3707 1387 3771 sq.
1430 3689 1806 3771 Diligenter,
1851 3689 2127 3773 Pythias,
2168 3689 2177 3774 Ι
2216 3690 2341 3755 Fac
2384 3707 2611 3755 cures,
2662 3741 2675 3754 .
2723 3737 2741 3754 .
2785 3737 2801 3753 .

972 3851 1003 3886 ,‚
1134 3805 1272 3869 769.
1317 3804 1444 3869 Fac
1486 3804 1694 3870 animo
1736 3804 1892 3869 haec
1930 3804 2257 3886 praesenti
2300 3803 2488 3870 dicas

960 3927 996 4001 ‘,‚
1130 3921 1308 3985 1042.
1351 3919 1448 3984 Tu
1489 3919 1693 3986 frater
1721 3919 1826 3985 ubi
1865 3918 1975 3987 ubi
2017 3926 2118 3986 est
2157 3918 2257 3984 fac
2300 3936 2486 4002 quam
2528 3917 2802 4000 primum

2154 4034 2311 4099 haec
2357 4032 2591 4102 audiat.

737 4281 794 4346 1)
829 4279 916 4334 Ex
951 4280 1152 4336 Plauto
1189 4281 1392 4336 Holtze
1427 4282 1506 4350 II,
1559 4283 1666 4336 228
1703 4283 1935 4336 formam
1974 4281 2213 4347 ,faciam‘
2250 4297 2375 4335 cum
2409 4280 2601 4335 futuro
2637 4294 2801 4348 para-

591 4382 802 4438 taetice
851 4382 1198 4440 coniunctam
1253 4383 1448 4442 affert:
1505 4385 1628 4440 Cas·
1665 4385 1732 4441 V.
1771 4383 1821 4454 2,
1861 4383 1931 4440 23
1988 4383 2311 4456 ,Cavebunt,
2372 4383 2467 4452 qui
2504 4381 2802 4449 audierint,

587 4483 824 4542 faciam‘.
