3300 4984
1561 361 2089 441 -12-'

651 555 812 621 tium
857 555 1162 622 eiusmodi
1224 555 1424 622 verba
1465 575 1608 623 cum
1676 557 1879 624 altero
1920 559 2247 625 enuntiato
2274 559 2573 641 primario
2616 558 2906 626 coniun-,

651 673 908 749 guntur,
953 669 1127 736 cuius
1169 670 1303 736 loco
1346 671 1745 737 enuntiatum
1787 669 2227 738 secundarium
2270 691 2346 736 ex
2390 671 2480 738 eis
2509 671 2866 754 dependere

650 783 832 850 solet.
921 785 1016 848 Ex
1057 783 1173 850 hoc
1215 783 1355 851 laxo
1396 786 1858 851 sententiarum
1900 803 2137 852 conexu
2180 785 2606 867 indicativum,
2652 787 2759 868 qui
2798 786 2865 850 in

647 897 1244 978 interrogationibus
1284 897 1552 980 obliquis
1579 899 1871 980 occurrit,
1914 898 2265 981 profectum
2310 918 2451 965 esse
2475 899 2587 964 Ed.
2621 899 2867 964 Becker

647 1009 1110 1077 demonstravit
1151 1010 1586 1078 laudatissima
1623 1013 1737 1077 illa
1775 1012 2142 1095 quaestione
2160 1063 2176 1093 ,
2220 1029 2407 1096 quam
2446 1011 2737 1082 instituit.
2764 1009 2865 1092 ‚de

648 1124 900 1205 syntaxi
939 1124 1510 1208 interrogationum
1564 1123 1958 1208 obliquarum
2006 1125 2183 1208 'apud
2234 1126 2475 1207 priscos
2524 1125 2864 1207 scriptores

646 1237 898 1305 latinos‘
923 1239 996 1322 1).
1086 1239 1263 1305 Idem
1325 1239 1733 1306 reiciendam-
1780 1258 1921 1306 esse
1987 1239 2239 1306 illorum
2309 1240 2862 1321 grammaticorum

645 1353 1031 1419 sententiam
1072 1352 1365 1435 affirmat,
1410 1354 1518 1436 qui
1557 1353 1721 1419 hanc
1764 1358 2149 1420 structuram
2192 1351 2274 1418 ad
2302 1351 2684 1420 Graecorum
2726 1352 2863 1417 imi-

646 1468 954 1534 tationem
996 1467 1378 1536 revocabant
1398 1471 1451 1547 ²)
1469 1520 1485 1548 ‚
1529 1473 1722 1552 atque
1762 1468 1928 1536 hunc
1972 1475 2176 1550 usum,
2218 1467 2396 1535 cuius
2449 1467 2753 1550 originem
2796 1468 2859 1532 in

643 1582 938 1649 cotidiani
997 1585 1300 1650 sermonis
1361 1601 1597 1666 genere
1668 1583 2096 1667 quaerendam
2162 1602 2300 1650 esse
2374 1573 2710 1666 appareat,
2785 1601 2861 1648 ex

640 1696 837 1779 ipsius
878 1697 1136 1779 linguae
1172 1698 1408 1764 latinae
1451 1703 1685 1764 natura
1730 1698 2157 1780 explicandam
2204 1717 2343 1764 esse
2388 1698 2723 1764 existimat.

805 1813 900 1878 Ex
953 1813 1172 1879 eodem
1224 1811 1336 1879 illo
1393 1813 1693 1879 solutiore
1750 1814 2209 1880 sententiarum
2262 1832 2502 1879 conexu
2554 1814 2655 1879 vel
2710 1814 2857 1879 sim-

639 1928 978 2010 plicissima
1023 1929 1355 1994 enuntiata
1395 1928 1564 1994 inter
1606 1946 1677 1994 se
1720 1928 2017 2010 iungendi
2058 1928 2323 2008 ratione,
2370 1947 2447 1994 ex
2490 1946 2615 2010 qua
2667 1928 2858 2010 prisci

637 2043 978 2124 scriptores
1021 2048 1089 2108 et
1127 2043 1194 2107 in
1234 2042 1313 2108 iis
1339 2042 1678 2108 Terentius
1720 2041 2125 2108 indicativum
2164 2043 2230 2107 in
2257 2041 2856 2125 interrogationibus

634 2157 898 2240 obliquis
953 2155 1379 2236 admiserunt,
1439 2162 1649 2223 ortum
1708 2165 1847 2222 esse
1891 2161 2090 2238 patet,
2147 2161 2220 2222 ut
2273 2175 2417 2222 cum
2459 2155 2668 2222 verbis
2712 2155 2855 2223 dec-

633 2271 877 2337 larandi
932 2277 998 2350 et
1067 2271 1383 2337 sentiendi
1442 2270 1839 2336 enuntiatum
1899 2269 2268 2352 primarium
2334 2270 2647 2336 enuntiati
2709 2270 2853 2336 sub-

635 2385 894 2450 stantivi
963 2383 1098 2450 loco
1169 2384 1569 2450 coniunctum
1633 2384 1737 2450 sit.
1847 2383 1966 2449 Illa·
2035 2382 2229 2449 verba
2302 2384 2646 2450 enuntiatis
2710 2385 2853 2450 sub-

634 2499 926 2565 stantivis
943 2546 960 2577 ,
1041 2515 1203 2580 quae
1272 2497 1616 2564 accusativi
1676 2516 1817 2564 cum
1886 2495 2189 2564 infinitivo
2260 2497 2537 2586 formam,
2596 2497 2851 2578 habent,

634 2615 915 2698 qualibet
957 2613 1364 2681 collocatione
1406 2614 1658 2680 adiecta
1701 2632 1841 2680 esse
1884 2615 2040 2680 satis
2080 2621 2359 2696 constat3
2407 2613 2627 2680 eodem
2670 2613 2853 2680 modo

636 2734 830 2798 etiam
903 2731 1251 2797 enuntiatis
1321 2730 1578 2811 solutis,
1653 2749 1815 2812 quae
1871 2729 2099 2796 obiecti
2156 2731 2289 2796 vice
2349 2730 2715 2813 funguntur,
2776 2749 2851 2796 ea

631 2845 815 2912 modo
857 2845 1215 2927 anteposita
1251 2845 1433 2911 modo
1473 2845 1822 2926 postposita
1864 2844 2048 2911 modo
2088 2844 2331 2911 inserta
2372 2845 2641 2910 inveniri
2678 2843 2849 2909 vide-

630 2961 856 3028 bimuS.
915 2960 1219 3026 Kuehner
1246 2959 1352 3044 (Π,
1385 2962 1552 3042 758),
1598 2977 1784 3041 quem
1816 2958 2263 3025 Weissenborn
2295 2960 2461 3040 (pag.
2496 2959 2561 3041 5)
2591 2965 2847 3024 secutus

635 3094 775 3142 esse
819 3073 1088 3154 videtur,
1130 3073 1243 3139 illa
1283 3073 1589 3155 exempla,
1637 3072 1746 3139 ubi
1773 3073 1968 3139 verba
2010 3073 2353 3139 enuntiatis
2394 3073 2601 3139 solute
2628 3072 2847 3154 positis

631 3194 1025 3271 inseruntur,
1111 3189 1191 3255 ad
1258 3190 1671 3272 parenthesin
1749 3191 2073 3272 pertinere
2149 3189 2414 3273 ideoque
2501 3209 2540 3255 a
2614 3189 2844 3256 ceteris

634 3305 1046 3388 disiungenda
1100 3323 1238 3370 esse
1284 3303 1577 3371 affirmat.
1664 3304 1787 3371 Sed
1844 3305 2046 3386 ipsam
2103 3305 2263 3371 hanc
2304 3305 2715 3388 parenthesin
2763 3305 2845 3369 ad

633 3426 1022 3488 structuram
1050 3420 1501 3501 paratacticam
1532 3419 1945 3486 revocandam
1984 3438 2123 3486 esse
2156 3421 2294 3504 quis
2338 3424 2438 3485 est
2466 3419 2573 3502 qui
2602 3421 2843 3500 neget?

633 3537 842 3616 Quare
902 3535 1112 3616 potius
1175 3524 1426 3600 Holtzio
1491 3534 1788 3599 assentiri
1857 3532 2033 3614 libet,
2096 3535 2203 3616 qui
2270 3534 2375 3618 (II,
2444 3536 2593 3612 227)
2656 3533 2843 3600 huius

630 3649 798 3716 modi
841 3649 1300 3715 enuntiationes
1343 3646 1816 3729 parentheticas
1868 3648 2123 3729 proprie
2180 3647 2302 3712 huc
2345 3653 2635 3730 spectare
2677 3647 2842 3714 arbi-

631 3769 861 3830 tratur.
949 3763 1237 3834 Proxime
1296 3763 1462 3828 enim
1533 3760 1841 3828 accedunt
1912 3762 2032 3827 hae
2100 3762 2563 3828 enuntiationes
2617 3781 2842 3844 paren-

628 3877 906 3944 theticae
946 3876 1027 3942 ad
1068 3894 1252 3942 usum
1280 3874 1614 3942 verborum
1660 3876 1953 3958 ,inquam‘
2001 3881 2069 3940 et
2114 3877 2275 3956 ,aio‘,
2316 3894 2477 3959 quae
2506 3877 2841 3942 sententiis

774 4160 826 4223 1)
885 4173 939 4212 v.
997 4154 1355 4224 Studemund‚
1413 4151 1643 4209 Studien
1700 4155 1803 4210 auf
1865 4156 1987 4212 dem
2039 4155 2291 4214 Gebiete
2330 4158 2425 4214 des
2482 4156 2839 4214 archaisehen

625 4258 880 4315 LateinS.
920 4258 1026 4313 vol.
1064 4256 1112 4312 Ι.
1149 4256 1285 4312 fasc.
1321 4256 1488 4326 prior.

770 4366 826 4431 2)
865 4362 934 4417 cf.
975 4360 1245 4429 Schssfler,
1292 4361 1396 4416 Die
1447 4367 1830 4432 sogenannten
1880 4363 2304 4432 syntaktisehen
2341 4363 2697 4420 Graec-ismen
2748 4362 2836 4418 bei

625 4466 731 4522 den
770 4463 1202 4536 augusteischen
1236 4462 1520 4520 Dichtern.
1564 4461 1814 4536 Amberg
1857 4465 2013 4533 1884,
2045 4482 2097 4534 p.
2136 4467 2204 4521 92
2242 4473 2302 4522 et
2338 4466 2409 4521 94
2450 4483 2529 4534 sq.
2582 4499 2585 4502 ·
2650 4503 2654 4508 -
