3300 4984
1525 382 1939 450 ...20-

622 560 799 628 verbi
842 561 906 626 vi
945 561 1194 628 omnino
1237 562 1530 644 neglecta
1567 563 1739 630 inter
1782 581 1999 631 omnes
2040 569 2306 632 constat.
2392 565 2581 647 Apud
2600 566 2836 632 Teren-

621 676 782 742 tium
824 681 958 742 tres
999 676 1117 741 loci
1163 683 1229 742 et
1270 675 1316 741 ii
1355 676 1422 742 in
1468 696 1594 744 una
1636 677 1851 744 fabula
1876 677 2109 744 Heaut.
2144 677 2568 763 inveniuntur,
2612 679 2837 764 quibus
2874 687 2883 692 “

625 810 701 858 ex
741 792 851 858 illa
889 811 1041 858 voce
1084 793 1478 860 accusativus
1523 811 1665 859 cum
1707 793 2016 860 infinitivo
2058 793 2403 877 dependet:

954 906 1187 975 Heaut.
1229 909 1353 973 358
1393 925 1485 990 sq.
1527 907 1779 975 Scilicet
1810 912 1823 991 Ι
1860 907 2203 974 Facturum
2247 927 2347 975 me
2390 927 2549 976 esse.

1229 1026 1355 1090 856
1397 1043 1488 1108 sq.
1531 1025 1789 1092 Scilicet
1826 1026 1836 1107 Ι
1872 1025 2189 1092 Daturum
2232 1027 2344 1109 (sc.
2388 1043 2534 1091 eum
2577 1029 2761 1106 esse).

1233 1140 1374 1204 892.
1423 1137 1733 1205 Continuo
1772 1138 2065 1205 iniecisse
2106 1138 2301 1205 verba
2322 1138 2437 1205 tibi
2460 1140 2837 1217 Dromonem

2199 1254 2441 1320 scilicet
2484 1303 2501 1321 .
2546 1305 2563 1320 .
2610 1306 2625 1323 .

791 1368 975 1437 Unde
1015 1370 1301 1452 intellegi
1340 1375 1572 1453 potest,
1615 1369 1878 1436 Terenti
1928 1373 2144 1436 aetate
2200 1370 2326 1436 vim
2381 1368 2560 1436 verbi
2614 1369 2839 1453 ,scire‘,

627 1485 793 1569 quod
849 1485 1020 1551 inest
1070 1485 1137 1550 in
1192 1503 1345 1552 voce
1401 1484 1680 1567 ,scilicet‘
1738 1482 2012 1552 nondum
2068 1484 2256 1567 plane
2315 1484 2663 1552 evanuisse.
2745 1485 2843 1550 Ex

628 1600 840 1667 Plauti
911 1599 1138 1666 fabulis
1207 1599 1442 1669 similes
1505 1601 1675 1667 locos
1740 1599 1957 1666 afferri
2032 1599 2219 1685 (Rud.
2278 1602 2402 1666 395
2474 1599 2655 1667 Curc.
2718 1601 2841 1664 263

631 1713 860 1780 Pseud.
907 1717 1096 1798 1179)
1141 1720 1209 1780 et
1252 1713 1617 1781 Lucretium
1656 1712 1925 1781 eundem
1966 1733 2151 1782 usum
2190 1713 2499 1798 praebere
2542 1714 2650 1796 (Π,
2692 1715 2843 1798 469)

630 1829 908 1911 Wagner
947 1828 1013 1893 in
1055 1827 1198 1895 adn.
1240 1829 1319 1895 ad
1364 1828 1596 1895 Heaut.
1641 1830 1765 1894 358
1805 1829 2063 1895 monuit.
2148 1828 2371 1911 Neque
2400 1828 2675 1894 alienum
2704 1845 2844 1895 esse

629 1942 882 2011 videtur
923 1941 1152 2018 afferre
1196 1942 1362 2025 apud
1415 1942 1787 2010 Sallustium
1842 1942 2019 2008 illum
2072 1943 2420 2026 priscorum
2460 1942 2845 2010 imitatorem

633 2057 955 2140 complura
999 2056 1305 2123 eiusmodi
1348 2057 1634 2139 exempla
1669 2054 1847 2123 nobis
1888 2075 2253 2126 occurrere:
2292 2058 2335 2124 J
2335 2076 2439 2139 ug.
2480 2061 2541 2139 4,
2586 2059 2659 2138 63
2708 2059 2845 2138 102,

634 2175 706 2254 93
753 2173 894 2251 113,
937 2173 994 2237 3.
1039 2168 1223 2251 frgm.
1268 2170 1301 2236 I
1339 2189 1430 2237 or.
1474 2170 1634 2240 Phil.
1676 2173 1737 2236 5.

800 2283 1086 2350 Eundem
1157 2283 1290 2350 fere
1353 2284 1781 2366 paratacticae
1844 2290 2205 2352 structurae
2266 2304 2468 2367 usum,
2542 2303 2729 2369 quem
2780 2285 2847 2351 in

637 2398 828 2466 verbo
883 2397 1121 2465 sciendi
1174 2396 1525 2465 invenimus
1540 2449 1557 2480 ,
1620 2396 1885 2465 verbum
1949 2397 2176 2479 ,credo‘
2236 2396 2533 2465 ostendit.
2618 2398 2848 2465 Forma

640 2513 869 2596 ‚credo‘
912 2512 1348 2595 anteponitur:
2627 2581 2631 2585 ,

973 2627 1164 2694 Andr.
1210 2628 1352 2693 313.
1397 2625 1598 2692 Credo
1636 2623 2008 2708 impetrabo,
2053 2631 2128 2692 ut
2155 2624 2408 2710 aliquod
2435 2626 2665 2693 saltem
2693 2644 2850 2708 nup-

2067 2741 2175 2808 tiis
2217 2739 2448 2823 prodat
2486 2740 2640 2807 dies.

1062 2906 1096 2940 „
1225 2857 1348 2920 673
1391 2872 1484 2937 sq.
1523 2853 1687 2921 Nam
1728 2855 1887 2921 satis
1930 2853 2135 2935 credo,
2178 2854 2235 2920 si
2274 2853 2734 2936 advigilaveris,

1413 2971 1510 3036 Ex
1550 2971 1693 3038 unis
1734 2971 2017 3053 geminas
2057 2970 2211 3036 mihi
2252 2969 2540 3038 conficies
2580 2970 2854 3054 nuptias.

973 3086 1204 3154 Heaut.
1249 3087 1392 3151 641.
1437 3083 1661 3164 Credo,
1702 3084 1767 3150 id
1810 3083 2137 3168 cogitasti:

972 3202 1131 3269 Eun.
1174 3204 1275 3268 98.
1321 3197 1542 3279 Credo,
1607 3205 1682 3266 ut
1720 3199 1812 3282 fit,
1854 3199 2089 3266 misera
2127 3217 2285 3281 prae
2328 3216 2542 3265 omore
2586 3197 2854 3265 exclusti

1001 3367 1006 3380 .
2263 3313 2430 3379 hunc
2468 3313 2657 3379 foras.

976 3429 1242 3513 Adelph.
1286 3432 1367 3496 79
1405 3447 1499 3512 sq.
1528 3428 1765 3510 Credo,
1806 3429 1933 3494 iam
1972 3433 2049 3494 ut
2088 3427 2252 3493 solet
2286 3427 2297 3512 1
2334 3424 2650 3510 Jurgabit.

1298 3546 1418 3610 150
1458 3562 1550 3627 sq.
1594 3541 1799 3609 Credo
1836 3542 1964 3606 iam
1999 3542 2275 3607 omnium
2312 3541 2323 3622 1
2360 3539 2701 3608 Taedebat.

811 3656 1065 3739 (Totum
1107 3655 1226 3722 hoc
1272 3654 1670 3721 enuntiatum
1709 3653 1775 3718 in
1816 3651 2186 3733 parenthesi
2227 3651 2501 3733 positum
2546 3648 2691 3735 est).

811 3776 1080 3841 Praeter
1123 3771 1390 3839 formam
1432 3768 1659 3851 ,credo‘
1712 3767 2101 3849 paratactice
2154 3771 2499 3848 usurpatur
2537 3765 2861 3848 imperati-

646 3909 764 3956 vus
807 3890 1054 3970 ,crede‘,
1126 3887 1233 3970 qui
1288 3886 1614 3952 enuntiato
1672 3882 1971 3966 primario
2012 3881 2396 3966 adiungitur,
2460 3887 2535 3950 ut
2578 3881 2712 3948 eius
2755 3880 2861 3963 qui

648 4005 1025 4090 appellatur,
1070 4002 1315 4068 animus
1353 4001 1418 4066 in
1457 3999 1541 4080 id,
1583 3997 1766 4082 -quod
1808 3997 2273 4092 pronuntiatur,
2333 3997 2533 4080 magis
2575 3993 2861 4062 intenda-

649 4127 774 4188 tur.
861 4117 1275 4200 Antepositus
1318 4122 1417 4183 est
1457 4113 1905 4196 imperativus:

981 4232 1232 4299 Phorm.
1277 4233 1420 4297 494.
1470 4228 1676 4296 Crede
1716 4227 1888 4309 mihi,
1934 4225 2237 4311 gaudebis
2276 4225 2463 4293 facto.

817 4347 923 4433 (cf.
971 4347 1199 4415 Heaut.
1248 4348 1330 4414 85
1372 4363 1464 4433 sq.
1532 4343 1629 4409 Ne
1671 4343 1889 4426 retice,
1955 4361 2037 4412 ne
2078 4358 2319 4422 verere,
2383 4336 2571 4410 crede
2612 4338 2863 4420 inquam

2503 4449 2655 4522 mihi
