3300 4984
1325 373 1747 446 ...m-

730 572 861 638 Aut
906 567 1282 655 consolando
1322 573 1437 636 aut
1477 566 1736 635 consilio
1778 570 1893 634 aut
1933 585 2005 632 re
2048 564 2284 632 iuvero.

441 684 682 766 Verba,
736 703 900 768 quae
939 684 1384 767 imperativum
1438 683 1668 764 ,crede‘
1713 687 2064 765 sequuntur
2081 732 2097 763 ,
2163 699 2288 746 non
2340 677 2653 746 obiectum

442 799 768 864 continent
783 851 798 880 ,
869 799 984 864 sed
1041 797 1270 880 ,crede‘
1325 797 1492 864 idem
1550 802 1681 877 est,
1747 795 1911 879 quod
1980 793 2259 876 ,confide‘
2328 799 2395 860 et
2446 790 2655 858 verbis

298 941 333 956 ··
442 913 872 996 sequentibus,
915 933 1030 980 cur
1071 913 1384 981 confidere
1428 912 1660 980 debeat
1704 910 2114 978 Menedemus
2156 909 2507 992 Chremeti,
2553 929 2655 975 ex-

444 1027 762 1110 plicatur).

612 1140 968 1208 Pronomen
1010 1141 1578 1209 demonstrativum
1607 1139 1763 1221 ,hoc‘
1794 1139 2167 1220 imperativo
2196 1136 2424 1219 ,crede‘
2454 1136 2660 1203 adiec-

453 1260 590 1324 tum
633 1260 762 1322 est:
2592 1245 2597 1248 ’

782 1369 944 1435 Eun.
985 1371 1110 1436 898
1152 1386 1246 1452 sq.
1337 1367 1544 1434 Crede
1597 1367 1717 1434 hoc
1768 1384 1950 1433 meae
2012 1365 2169 1448 fide,
2228 1367 2239 1448 1
2302 1365 2496 1433 Dabit
2564 1365 2662 1431 hic

1592 1501 1870 1567 pugnam
1912 1481 2189 1565 aliquam
2229 1480 2451 1549 denuo.

782 1598 1049 1692 Adelph.
1096 1601 1217 1664 163
1260 1617 1354 1682 sq.
1438 1598 1643 1665 Crede
1698 1598 1836 1678 hoc,
1892 1617 2009 1680 ego
2064 1617 2274 1662 meum
2313 1598 2413 1663 ius
2452 1614 2667 1679 perse-

842 1789 848 1800 ,
877 1730 1054 1795 quar,
1093 1715 1104 1794 Ι
1139 1713 1360 1795 Neque
1399 1718 1474 1778 tu
1515 1710 1723 1777 verbis
1764 1711 1970 1777 solves
2010 1729 2296 1795 umqam3
2344 1764 2357 1778 .
2406 1762 2421 1776 .

621 1825 865 1907 ,Credo‘
906 1825 1330 1909 interponitur
1373 1826 1702 1892 enuntiato
1744 1824 2079 1906 primario:

793 1941 952 2008 Eun.
979 1942 1143 2008 ¹468.
1224 1939 1614 2022 Perpulchra
1657 1938 1846 2006 credo
1873 1938 2037 2006 dona
2072 1945 2186 2006 aut
2214 1939 2415 2006 nostri
2443 1941 2670 2007 similia

1021 2135 1028 2146 ‚
1878 2041 1883 2044 ’
2107 2053 2219 2140 (sc.
2262 2056 2461 2138 sunt).

873 2219 906 2253 „
999 2170 1118 2234 861
1164 2187 1258 2252 sq.
1333 2166 1633 2254 Debeam,
1672 2166 1925 2253 l‘Credo
1964 2168 2074 2234 isti
2116 2168 2445 2252 quicquam
2486 2168 2677 2234 furci-

1782 2284 1938 2364 fer0,
1978 2283 2034 2349 si
2077 2283 2142 2348 id
2186 2282 2462 2352 fecerim.

799 2395 1050 2463 Phorm.
1091 2398 1192 2464 40.
1278 2397 1356 2462 Ei
1399 2396 1587 2464 credo
1629 2415 1859 2463 munus
1896 2397 2016 2463 hoc
2058 2397 2445 2464 conraditur.

801 2508 956 2576 Hec.
971 2511 1110 2576 704.
1157 2509 1320 2576 Nam
1350 2529 1614 2594 puerum
1633 2511 1877 2578 iniussu
1908 2491 2094 2578 credo
2117 2530 2240 2578 non
2264 2513 2495 2577 tollent
2516 2529 2674 2576 meo.

665 2622 1008 2690 Enuntiato
1049 2624 1418 2691 secundario
1462 2625 1917 2710 (consecutivo)
1962 2624 2189 2706 ,credo‘
2231 2625 2554 2691 inseritur.

803 2737 960 2807 Hec.
1005 2741 1126 2805 128
1167 2758 1260 2822 sq.
1346 2739 1440 2806 lbi
1479 2740 1734 2807 demum
1775 2740 1869 2808 ita
1910 2759 2101 2824 aegre
2144 2740 2310 2821 tulit,
2368 2745 2442 2806 ut
2480 2740 2681 2821 ipsam

2071 2853 2470 2936 Bacchidem,

805 2967 870 3034 Si
911 2967 1184 3050 adesset,
1227 2968 1417 3036 credo
1458 2967 1545 3034 ibi
1587 2970 1723 3036 eius
1780 2969 2378 3037 commiseresceret.

808 3081 986 3163 ,Mihi
1028 3081 1236 3147 crede‘
1278 3081 1739 3164 interponitur:

809 3195 1074 3276 Adelph.
1125 3195 1262 3267 101.
1343 3195 1484 3262 Non
1528 3203 1628 3263 est
1669 3195 2007 3279 flagitium,
2068 3196 2220 3262 mihi
2262 3197 2479 3279 crede,
2538 3197 2690 3263 adu·

950 3309 1368 3374 lescentulum
1419 3309 1430 3394 Ι
1481 3290 1778 3391 Scortari,
1823 3329 2029 3394 neque
2071 3317 2296 3393 potare
2340 3363 2354 3377 .
2404 3362 2417 3376 .
2467 3363 2479 3374 .

645 3421 924 3488 Verbum
967 3422 1194 3501 ,credo‘
1237 3424 1670 3506 postponitur:

813 3535 1063 3602 Phorm.
1114 3538 1250 3602 140.
1347 3537 1438 3602 Ad
1482 3543 1879 3618 precatorem
1922 3537 2144 3605 adeam
2189 3536 2376 3604 credo
2423 3588 2437 3602 .
2486 3591 2499 3603 .
2544 3592 2557 3605 .

814 3650 950 3716 Hec
988 3653 1128 3716 855.
1213 3650 1318 3716 Me
1362 3656 1657 3732 expectat
1698 3650 1887 3718 credo
1930 3703 1944 3717 .
1993 3703 2007 3718 .
2051 3702 2066 3718 .
2588 3711 2595 3716 .

653 3767 921 3831 Praeter
963 3765 1196 3833 formas
1240 3765 1467 3846 ,credo‘
1515 3772 1581 3833 et
1630 3766 1858 3848 ,crede‘
1902 3767 2077 3832 nulla
2130 3768 2257 3833 alia
2297 3769 2481 3835 huius
2524 3767 2702 3834 verbi

486 3880 691 3945 forma
741 3879 1128 3961 paratactice
1182 3870 1388 3960 posita
1459 3886 1559 3946 est
1615 3879 1786 3962 apud
1842 3879 2228 3946 Terentium.
2327 3882 2421 3946 Ex
2474 3883 2703 3948 Plauto

487 4013 568 4059 ne
607 3993 1048 4074 imperativum
1093 3991 1344 4075 quidem
1389 3991 1602 4060 afferri
1645 3994 1934 4074 Draeger
1977 3996 2069 4076 (ἓ.
2112 3996 2254 4076 369,
2303 3993 2365 4078 1)
2426 3996 2705 4061 animad-

489 4108 703 4174 vertit.
788 4107 862 4172 In
905 4106 1278 4173 comicorum
1323 4125 1570 4191 quoque
1623 4108 1997 4190 fragmentis
2051 4108 2188 4175 sola
2228 4109 2431 4175 forma
2476 4108 2703 4190 ‚credo‘

501 4223 958 4305 paratacticam
993 4228 1381 4289 structuram
1424 4222 1739 4290 ostendit:

827 4337 1010 4403 Caec.
1055 4337 1212 4402 Stat.
1259 4339 1395 4403 166.
1472 4337 1740 4419 Pudeat,
1788 4337 1997 4419 credo,
2028 4344 2707 4405 conmemoramentum

2272 4453 2499 4536 stupri.
