3300 4984
1351 397 1811 460 -111—

635 573 1160 656 comparativam,
1205 578 1282 639 ut
1323 571 1418 638 ita
1460 542 1685 654 dicam,
1728 571 2066 655 parataxin
2103 569 2413 654 praebere
2445 572 2696 637 constat

327 767 334 774 ,
465 687 640 754 illam
681 687 1072 754 notissimam
1131 688 1512 755 locutionem
1575 689 1687 769 ‚ita
1742 705 1845 753 me
1902 687 1968 754 di
2022 693 2239 754 ament
2294 685 2691 768 (amabunt)‘.

466 801 630 867 Nam
672 801 1067 868 enuntiatum
1096 802 1594 883 comparativum
1620 800 1935 884 particula
1964 800 2343 868 correlative
2386 803 2497 880 ,ut‘
2543 799 2690 867 huic

466 915 774 981 formulae
817 914 1110 999 coniungi
1153 919 1590 998 exspectamus
1603 963 1622 999 ,
1695 914 1803 997 qui
1860 932 2013 981 usus
2053 913 2330 982 occurrit
2370 912 2550 980 velut
2590 912 2691 980 his

467 1029 654 1096 locis:

796 1168 1028 1237 Heaut.
1075 1171 1197 1234 749
1237 1186 1330 1252 sq.
1374 1169 1478 1236 Ita
1518 1185 1619 1234 me
1662 1167 1727 1232 di
1768 1166 2089 1250 amabunt,
2151 1173 2226 1234 ut
2267 1185 2433 1234 nunc
2474 1167 2691 1234 Mene-

2067 1280 2236 1348 demi
2275 1281 2477 1347 vicem

889 1395 1153 1463 Miseret
1195 1414 1296 1461 me
1343 1449 1356 1462 .
1400 1447 1414 1462 .
1461 1445 1476 1461 .

797 1530 950 1596 Hec.
995 1533 1118 1596 579
1157 1547 1249 1613 sq.
1335 1529 1574 1596 Verum
1631 1530 1727 1596 ita
1777 1548 1881 1596 me
1933 1528 1998 1596 di
2052 1535 2268 1596 ament
2320 1528 2540 1613 itaque
2580 1529 2688 1596 ob-

1294 1644 1546 1727 tingant
1590 1663 1668 1709 ex
1708 1649 1776 1710 te
1822 1662 1984 1726 quae
2028 1649 2257 1726 exopto
2302 1643 2475 1724 mihi,

886 1758 978 1824 Ut
1018 1776 1362 1840 numquam
1399 1759 1605 1824 sciens
1652 1759 1995 1824 commerui
2039 1807 2055 1824 .
2101 1810 2117 1827 .
2165 1805 2179 1823 .

800 1870 906 1954 (cf.
953 1871 1186 1938 Heaut.
1237 1874 1414 1939 1030.
1462 1870 1565 1936 Ita
1607 1871 1761 1936 mihi
1804 1877 1998 1954 atque
2038 1871 2185 1938 huic
2226 1872 2315 1940 sis
2340 1876 2688 1954 superstes,
2744 1849 2752 1858 ⁸

1219 1989 1293 2050 ut
1335 2003 1413 2050 ex
1454 2003 1558 2051 me
1597 1989 1796 2068 atque
1841 2004 1919 2052 ex
1964 1985 2085 2053 hoc
2125 1990 2317 2052 natus
2360 1989 2477 2064 es.)

633 2116 727 2180 Ex
770 2115 886 2181 hoc
928 2132 1050 2180 usu
1101 2114 1212 2181 illa
1262 2114 1497 2182 locutio
1552 2115 1618 2180 in
1669 2114 2011 2182 formulam
2065 2115 2473 2182 asseverandi
2515 2113 2688 2198 abiit,
2728 2186 2732 2192 ,

399 2316 408 2322 -
465 2247 627 2312 quae
668 2228 806 2294 aliis
850 2227 1194 2294 enuntiatis
1235 2227 1550 2311 primariis
1589 2227 1754 2294 adici
1806 2228 1912 2294 vel
1966 2227 2161 2295 inseri
2206 2230 2417 2310 potuit
2456 2227 2691 2296 omissa

465 2342 780 2426 particula
821 2345 932 2423 ,ut‘
990 2342 1386 2409 correlativa.
1471 2343 1683 2425 Atque
1740 2343 1867 2408 iam
1924 2343 2095 2425 apud
2146 2342 2445 2410 Plautum
2502 2342 2689 2412 huius

466 2456 638 2523 modi
682 2456 969 2537 exempla
1012 2461 1262 2521 exstare
1305 2455 1578 2537 Spengel
1624 2455 1733 2539 (ad
1776 2455 2043 2537 Adelph.
2085 2475 2146 2523 v.
2187 2455 2337 2539 749)
2381 2457 2601 2524 attulit
2619 2461 2651 2523 ε’

797 2569 1024 2652 Amph.
1067 2571 1148 2648 Π,
1195 2571 1252 2648 1,
1291 2573 1376 2637 50
1416 2568 1520 2654 (=
1569 2572 1693 2635 597
1737 2569 2102 2653 Fleckeis.):
2167 2571 2409 2653 Neque,
2449 2571 2546 2639 ita
2585 2590 2688 2638 me

891 2683 956 2749 di
997 2689 1232 2763 ament,
1273 2683 1608 2750 credebam
1652 2684 1855 2766 primo
1894 2683 2183 2751 mihimet
2224 2685 2441 2752 Sosiae
2486 2737 2501 2752 .
2546 2737 2562 2754 .
2616 2738 2630 2752 .

631 2798 852 2865 Altero
896 2799 1031 2866 loco
1073 2817 1112 2864 a
1153 2797 1486 2880 Spengelio
1527 2797 1786 2865 laudato
1824 2818 1951 2865 non
1979 2799 2254 2866 formula
2280 2800 2535 2883 quidem
2580 2802 2689 2883 ,ita

462 2933 566 2980 me
609 2912 674 2978 di
715 2915 950 2978 ament‘
994 2911 1288 2992 occurrit,
1332 2910 1446 2978 sed
1488 2911 1781 2978 similiter
1822 2916 2015 2994 atque
2057 2911 2124 2978 in
2166 2912 2351 2980 huius
2393 2931 2513 2980 usu
2540 2933 2687 2996 par-

464 3028 658 3096 ticula
702 3030 811 3108 ,ut‘
855 3027 1292 3111 desideratur:
1335 3026 1516 3093 Ourc.
1562 3026 1673 3107 IV,
1718 3029 1777 3107 8,
1825 3030 1901 3092 18
1946 3027 2049 3110 (ε
2098 3031 2223 3093 574
2264 3027 2602 3114 Fleckeis.)

883 3142 971 3208 At
1009 3141 1104 3207 ita
1143 3160 1247 3208 me
1291 3140 1626 3206 machaera
1667 3146 1735 3206 et
1776 3142 2039 3222 clupeus
2081 3192 2098 3209 .
2145 3190 2160 3205 .
2207 3191 2222 3205 .
2273 3189 2288 3205 .

882 3255 1056 3321 Bene
1098 3257 1317 3322 iuvent
1359 3259 1747 3338 pugnantem
1791 3254 1857 3320 in
1899 3256 2054 3321 acie.

462 3391 684 3472 Aeque
727 3407 766 3453 a
806 3388 1104 3454 Terentio
1145 3387 1321 3454 illam
1374 3387 1752 3455 locutionem
1796 3388 2185 3470 paratactice
2227 3393 2303 3455 ut
2346 3389 2441 3455 ita
2481 3389 2687 3456 dicam

461 3502 734 3587 positam
775 3520 916 3568 esse
961 3503 1359 3584 cognoscitur
1405 3521 1482 3568 ex
1524 3500 1622 3567 his
1665 3503 1817 3568 locis
1842 3501 1928 3586 ¹):

795 3632 1062 3715 Adelph.
1109 3637 1231 3700 749
1271 3653 1363 3718 sq.
1409 3635 1512 3701 Ita
1550 3653 1653 3700 me
1697 3634 1762 3701 di
1791 3638 2027 3715 ament,
2069 3639 2144 3701 ut
2164 3633 2346 3701 video
2369 3653 2487 3718 ego
2507 3641 2686 3703 tuam

2145 3748 2473 3831 ineptiam,

882 3861 1227 3929 Facturum
1273 3860 1481 3943 crede,
1527 3866 1603 3928 ut
1643 3863 1882 3929 habeas
1928 3863 2183 3945 quicum
2226 3864 2517 3931 cantites.

794 3991 946 4058 Hec.
992 3994 1117 4058 206
1160 4011 1252 4075 sq.
1295 3993 1542 4075 Nescio,
1584 3995 1678 4062 ita
1724 4014 1825 4061 me
1869 3995 1934 4060 di
1978 4000 2216 4075 ament,
2255 3995 2340 4061 mi
2381 3995 2647 4078 Laches,

883 4104 1110 4188 Itaque
1152 4124 1280 4172 una
1321 4106 1492 4174 inter
1533 4126 1647 4175 nos
1689 4127 1883 4190 agere
1927 4113 2210 4176 aetatem
2251 4109 2458 4176 liceat.

607 4350 659 4417 1)
703 4349 774 4405 cf.
813 4348 869 4402 C.
910 4347 1200 4417 Meissner,
1243 4350 1348 4407 Die
1388 4352 1550 4412 Cant.
1592 4353 1644 4410 d.
1683 4353 1813 4410 Ter.
1865 4353 2021 4410 Neue
2056 4354 2093 4410 J
2096 4353 2367 4422 ahrbiichl
2410 4354 2448 4422 f,
2486 4351 2686 4422 Philol-

461 4453 652 4538 Suppl.
688 4452 792 4520 1351.
828 4450 942 4507 XII
977 4468 1031 4529 p.
1070 4452 1191 4517 527,
