3300 4984
1481 343 1897 406 -79-

902 517 1061 586 Eun.
1106 522 1230 587 508
1271 537 1363 602 sq.
1383 519 1390 524 ’
1409 517 1489 584 Ni
1531 517 1761 585 mirum
1805 516 1980 584 dabit
2006 516 2165 583 haec
2187 515 2379 581 Thais
2420 515 2575 581 mihi
2616 532 2789 596 mag·

2110 649 2261 695 num
2306 630 2573 696 malum:

986 747 1087 811 Ita
1127 765 1230 811 me
1273 745 1452 812 video
1494 745 1584 811 ab‘
1617 763 1695 810 ea
1737 750 1949 811 astute
1992 743 2436 810 labefactarier
2480 795 2492 810 .
2539 793 2554 809 .
2604 795 2616 808 .

942 911 973 944 ‚,
1105 862 1226 925 672
1270 879 1362 943 sq.
1407 860 1677 925 Paulum
1718 859 1776 925 si
1817 875 2183 939 cessassem,
2227 856 2505 940 Pythias,

985 973 1168 1039 Domi
1210 993 1334 1040 non
1381 973 1799 1055 offendissem,
1862 973 1956 1037 ita
1996 971 2122 1037 iam
2168 970 2511 1036 adornarat
2550 969 2763 1051 fugam

937 1140 970 1173 „
1021 1091 1144 1154 844
1187 1107 1322 1171 sqq.
1394 1088 1518 1155 Ubi
1563 1087 1707 1169 vidi,
1782 1107 1899 1170 ego
1962 1106 2065 1152 me
2117 1087 2183 1152 in
2226 1085 2422 1169 pedes
2478 1090 2782 1168 quantum

2409 1220 2570 1284 queo

981 1317 1054 1382 In
1095 1316 1496 1399 angiportum
1541 1316 1854 1399 quoddam
1894 1315 2237 1396 desertum,
2280 1314 2428 1380 inde
2468 1315 2621 1380 item

981 1431 1054 1496 In
1094 1429 1286 1511 aliud,
1327 1430 1476 1496 inde
1517 1431 1582 1495 in
1627 1430 1829 1498 aliud:
1872 1431 1965 1497 ita
2007 1431 2419 1496 miserrumus

984 1544 1100 1611 Fui
1143 1543 1489 1626 fugitando,
1533 1564 1612 1610 ne
1658 1545 1797 1628 quis
1838 1563 1939 1611 me
1982 1551 2409 1627 cognosceret.

931 1708 962 1740 ‚,
1097 1659 1252 1723 1051
1299 1675 1391 1740 sq.
1435 1657 1538 1723 Nil
1584 1664 1685 1724 est
1727 1658 1966 1725 Thaide
2006 1659 2145 1739 hac,
2188 1658 2409 1738 frater,
2454 1663 2567 1724 tua

980 1770 1243 1850 Dignius
1286 1771 1452 1854 quod
1495 1779 1776 1840 ametur:
1839 1773 1933 1838 ita
1972 1777 2231 1839 nostrae
2272 1772 2503 1838 omnist
2542 1771 2779 1838 fautrix

2266 1887 2559 1957 familiae.

889 2018 1137 2085 Phorm.
1185 2022 1305 2085 179
1345 2037 1443 2102 sq.
1502 2018 1731 2088 Nullus
1773 2038 1859 2101 es,
1936 2019 2121 2102 Geta,
2190 2021 2314 2086 nisi
2352 2021 2479 2087 iam
2522 1995 2776 2104 aliquod

1509 2133 1623 2200 tibi
1666 2134 1993 2201 consilium
2038 2137 2247 2202 celere
2287 2135 2560 2218 reperis:

973 2247 1076 2312 Ita
1133 2265 1298 2313 nunc
1360 2247 1724 2330 inparatum
1766 2233 1995 2315 ⁴subito
2057 2254 2239 2316 tanta
2300 2255 2369 2316 te
2427 2249 2774 2332 inpendent

2373 2362 2556 2442 mala.

1169 2497 1291 2561 283
1334 2513 1426 2577 sq.
1470 2547 1485 2563 .
1536 2549 1550 2562 .
1596 2546 1612 2562 .
1657 2514 1780 2562 non
1824 2495 2031 2577 potuit
2072 2495 2350 2576 cogitata
2393 2495 2708 2579 proloqui3

966 2610 1068 2674 Ita
1111 2628 1256 2676 eum
1299 2616 1434 2676 tum
1475 2610 1765 2677 timidum
1806 2611 1934 2677 illic
1974 2610 2395 2693 obstupefecit
2436 2612 2658 2692 pudor.

1170 2745 1293 2810 730
1338 2762 1431 2826 sq.
1473 2744 1636 2809 Nam
1678 2754 1920 2825 vereor,
1974 2763 2087 2810 era
2128 2763 2208 2809 ne
2249 2745 2329 2811 ob
2371 2763 2579 2811 meum
2620 2765 2763 2812 sua-

1442 2876 1581 2922 sum
1623 2859 1881 2939 indigna
1922 2859 2150 2925 iniuria
2187 2858 2549 2927 adficiatur:

961 2971 1062 3036 Ita
1103 2977 1354 3053 patrem
1394 2970 1819 3039 adulescentis
1864 2972 2035 3038 facta
2076 2974 2233 3038 haec
2277 2973 2552 3039 tolerare
2573 2974 2761 3041 audio

1679 3094 1692 3111 ²
2222 3086 2549 3155 violenter.

874 3215 1027 3281 Hec.
1072 3216 1226 3297 prol.
1270 3219 1312 3281 2
1353 3235 1488 3298 sqq.
1537 3265 1552 3280 .
1599 3269 1613 3284 .
1664 3267 1677 3280 .
1722 3235 1951 3283 novum
2005 3217 2355 3284 intervenit
2409 3220 2631 3285 vitium
2692 3226 2760 3286 et

2199 3333 2545 3414 calamitas,

960 3443 1049 3509 Ut
1087 3462 1293 3526 neque
1337 3443 1616 3526 spectari
1656 3462 1861 3526 neque
1904 3445 2191 3526 cognosci
2230 3447 2543 3527 potuerit:

958 3559 1061 3624 Ita
1101 3560 1369 3641 populus
1409 3560 1617 3626 studio
1660 3560 1951 3642 stupidus
1988 3560 2052 3626 in
2097 3560 2461 3627 funambulo

959 3673 1251 3738 Animum
1294 3679 1653 3757 occuparat.

911 3857 942 3890 „
1072 3806 1228 3887 prol.
1272 3810 1355 3873 29
1397 3825 1490 3890 sq.
1572 3807 1889 3890 Hecyram
1944 3807 2027 3874 ad
2091 3828 2201 3875 vos
2262 3808 2495 3891 refero,
2564 3829 2754 3893 quam

1868 3924 2021 3989 mihi
2062 3944 2180 4006 per
2220 3925 2540 3991 silentium

954 4035 1287 4119 Nunquam
1331 4056 1523 4120 agere
1560 4037 1898 4104 licitumst:
1976 4039 2069 4117 ita
2111 4059 2250 4106 eam
2296 4043 2610 4122 oppressit
2652 4061 2753 4108 ca-

2266 4154 2536 4242 laniitaS.

906 4332 938 4366 n
1067 4285 1208 4348 277.
1256 4283 1379 4352 Sed
1422 4303 1544 4350 non
1587 4285 1838 4351 facilest
1881 4263 2261 4367 enpurgatu:
2342 4289 2433 4354 ita
2474 4289 2749 4354 animum

1910 4400 2292 4477 induxerunt
2338 4455 2352 4471 .
2401 4459 2413 4472 .
2460 4459 2475 4473 .
2520 4452 2537 4480 ,
2696 4411 2702 4418 ’
