3300 4984
1381 383 1797 448 ...68-

647 557 1092 633 Coniunctivus
1159 558 1592 626 exhortativus
1654 559 1919 626 alterius
1977 557 2338 643 imperativi
2407 559 2547 626 loco
2604 579 2703 627 se-

480 673 733 757 quitur:

817 786 1084 868 Adelph.
1130 789 1272 853 854.
1330 786 1362 851 I
1405 805 1555 868 ergo
1607 787 1777 853 intro
1836 792 1903 853 et
1955 787 2101 870 quoi
2155 787 2253 852 rei
2310 792 2430 867 est,
2495 786 2555 852 ei
2606 787 2703 853 rei

1729 901 1896 968 hunc
1938 919 2260 968 sumamus
2303 902 2488 968 diem.

645 1015 771 1082 Sed
812 1015 1179 1082 Terentium
1221 1015 1673 1082 coniunctionis
1712 1015 1919 1082 finalis
1958 1033 2141 1082 usum
2171 1034 2297 1081 non
2335 1015 2702 1098 repudiasse
2765 1107 2768 1111 .

478 1150 734 1199 monere
781 1136 1052 1211 oportet.
1139 1131 1230 1198 Ut
1279 1129 1689 1196 conferantur
1745 1130 2047 1213 exemplis
2107 1130 2319 1195 allatis
2382 1148 2491 1195 eos
2531 1131 2701 1196 locos

477 1263 803 1329 ponamus,
847 1243 1070 1328 quibus
1091 1245 1444 1311 coniunctio
1471 1249 1580 1326 ‚ut‘
1609 1244 2009 1311 enuntiatum
2038 1244 2481 1312 secundarium
2510 1243 2701 1311 verbo

478 1359 770 1427 movendi
813 1357 1112 1426 annectit.
1199 1358 1412 1424 Facile
1440 1359 1870 1442 intellegimus
1890 1359 1957 1425 in
1986 1360 2291 1443 exemplis
2319 1359 2505 1426 huius
2532 1359 2702 1427 modi

473 1475 732 1559 proprie
773 1474 1003 1540 efferre
1057 1474 1330 1540 voluisse
1386 1480 1642 1556 poetam
1694 1475 2007 1541 rationem
2058 1453 2331 1542 finalem.
2418 1475 2700 1556 Impera-

356 1644 369 1654 .
477 1590 675 1656 tivum
717 1587 896 1655 verbi
942 1582 1231 1653 movendi
1273 1588 1624 1654 coniunctio
1670 1593 1785 1672 ‚utf
1828 1588 2149 1670 sequitur:

807 1701 1001 1768 Andr.
1049 1704 1188 1768 731.
1235 1702 1420 1768 Move
1465 1703 1637 1769 ocius
1682 1706 1748 1767 te
1767 1753 1782 1782 ,
1844 1708 1918 1768 ut
1960 1701 2112 1785 quid
2151 1720 2334 1783 agam
2374 1721 2563 1785 porro
2602 1701 2699 1767 in-

2196 1817 2485 1898 tellegas.

892 1982 925 2015 ,‚
1057 1933 1198 1997 818.
1249 1931 1388 1997 Duc
1430 1950 1532 1996 me
1575 1930 1657 1997 ad
1700 1949 1877 2010 eam,
1941 1929 2190 2012 quando
2231 1929 2355 1996 huc
2396 1931 2560 2010 veni,
2624 1934 2699 1995 ut

2217 2043 2483 2109 videam.

705 2239 718 2249 ·
803 2159 964 2224 Eun.
1007 2161 1133 2224 624
1175 2177 1266 2240 sq.
1315 2157 1530 2238 ,Heus‘
1571 2158 1779 2241 inquit
1820 2177 2062 2242 ‚puere‚
2109 2157 2500 2240 Pamphilam

803 2304 812 2308 ·
894 2274 1182 2352 Accerse,
1231 2278 1306 2338 ut
1348 2272 1627 2338 delectet
1667 2272 1769 2338 hic
1791 2277 1945 2340 nos‘.
1970 2275 2021 2356 1)

803 2387 1068 2470 Adelph.
1115 2390 1256 2452 354.
1304 2386 1522 2467 Curre,
1587 2387 1999 2454 obstetricem
2042 2405 2315 2468 accerse,
2386 2392 2459 2453 ut
2505 2406 2695 2469 quom

1340 2520 1498 2584 opus
1539 2501 1624 2567 sit
1666 2520 1747 2567 ne
1786 2501 1852 2567 in
1893 2521 2071 2568 mora
2111 2501 2287 2568 nobis
2330 2503 2470 2568 siet.

464 2617 644 2683 Alius
699 2617 951 2699 generis
1009 2635 1148 2682 esse
1207 2616 1321 2681 hos
1360 2617 1530 2680 locos
1573 2620 1789 2698 atque·
1805 2615 1950 2681 illos
2006 2633 2198 2697 supra
2257 2615 2507 2695 allatos,
2578 2613 2684 2680 ubi

463 2731 838 2815 imperativo
879 2728 1055 2796 verbi
1091 2729 1383 2796 movendi
1423 2731 1590 2795 alter
1627 2730 2041 2811 imperativus
2084 2735 2151 2795 et
2194 2748 2309 2810 per
2337 2728 2685 2811 asyndeton

465 2851 535 2912 et
602 2864 718 2926 per
792 2845 1168 2926 particulam
1236 2843 1659 2925 copulativam
1730 2843 2021 2924 adicitur,
2093 2843 2494 2926 perspicuum
2564 2849 2682 2909 est.

463 2959 698 3028 Mirum
740 2963 842 3024 est
879 2959 1124 3025 nullum
1154 2963 1407 3024 exstare
1438 2957 1663 3038 locum,
1709 2977 1831 3041 quo
1861 2958 2212 3024 coniunctio
2258 2960 2366 3038 ,ut‘
2410 2956 2688 3038 pendeat

465 3093 542 3138 ex
599 3071 976 3155 imperativo
1037 3073 1096 3152 ,i‘
1155 3078 1268 3138 aut
1330 3072 1463 3138 eius
1516 3070 1733 3138 formis
1787 3072 2161 3154 compositis
2246 3071 2489 3137 Futuro
2546 3070 2685 3151 ,ibo‘

463 3185 864 3253 enuntiatum
906 3185 1348 3251 secundarium
1393 3186 1827 3252 coniunctione
1873 3189 1983 3266 ,ut‘
2026 3204 2329 3252 conexum
2371 3189 2503 3250 est:

463 3409 855 3481 duodeviginti
891 3416 1081 3466 autem
1119 3409 1254 3466 locis
1290 3410 1571 3480 particula
1609 3409 1929 3480 copulativa
1966 3409 2283 3466 intercedit.
2340 3409 2550 3465 Temos
2586 3408 2685 3464 im-

460 3510 747 3584 perativos
785 3512 975 3570 novies
1013 3512 1132 3569 sine
1169 3513 1449 3598 particula
1487 3512 1696 3583 positos
1740 3512 2066 3580 invenimuS,
2133 3511 2319 3582 plures
2368 3491 2687 3581 imperativi

461 3631 562 3686 per
599 3615 858 3686 asyndeti
895 3615 1126 3670 formam
1163 3614 1323 3671 iuxta
1362 3631 1422 3671 se
1459 3621 1742 3685 ponuntur
1779 3615 1955 3672 Andr.
1994 3615 2119 3671 334.
2175 3613 2411 3684 Adelph.
2448 3614 2571 3669 813.
2617 3613 2687 3668 In

458 3718 623 3789 frgm.
663 3734 798 3773 com.
839 3718 946 3773 duo
984 3718 1304 3788 imperativi
1340 3719 1496 3775 nulla
1532 3718 1813 3788 particula
1863 3718 2164 3774 interiecta
2203 3716 2485 3773 coniuncti
2522 3721 2681 3773 suntz

457 3821 596 3878 Nov.
635 3820 723 3891 92,
761 3821 852 3876 88.
891 3821 1085 3877 Afran.
1130 3821 1310 3890 17516.
2541 3879 2547 3886 ,

601 3923 654 3992 1)
688 3922 779 3978 Sic
815 3923 1028 3994 legitur
1064 3924 1124 3980 in
1162 3927 1245 3981 ed.
1285 3925 1683 3995 Umpfenbach.
1725 3931 1784 3982 et
1806 3925 2063 3981 Dziatzk.
2103 3923 2430 3980 Fleckeisen
2469 3922 2684 3993 ,voluit‘

457 4026 604 4095 quod
643 4028 832 4080 exstat
870 4024 928 4080 in
964 4043 1017 4082 v.
1043 4027 1149 4082 624
1185 4025 1456 4097 principio
1479 4027 1669 4082 omisit
1696 4033 1754 4083 et
1775 4027 2024 4096 scripsit:
2066 4027 2253 4096 ‚Heus‘
2293 4024 2475 4094 inquit
2512 4040 2683 4095 ,puer,

457 4143 674 4193 arcesse
713 4128 1079 4197 Pamphilam,
1117 4120 1480 4186 Ut'delectet
1515 4129 1604 4185 hic
1642 4131 1775 4185 nos‘.
1849 4129 2139 4186 Bentleius
2176 4128 2490 4200 proposuit:
2529 4143 2688 4208 ,puer

456 4228 514 4286 i‘.
587 4230 966 4300 Engelbrecht
1003 4233 1146 4287 hunc
1186 4232 1364 4288 locum
1402 4232 1486 4287 ita
1525 4249 1642 4288 esse
1684 4238 2062 4302 comparatum
2090 4231 2229 4287 dicit
2268 4232 2325 4302 (l.
2356 4233 2395 4288 l.
2420 4250 2472 4302 p.
2497 4235 2562 4290 17
2582 4241 2681 4305 sq.)

455 4338 524 4390 ut
585 4333 844 4404 graviore
901 4337 1218 4406 corruptela
1279 4341 1475 4406 aperte
1533 4335 1608 4391 sit
1664 4337 1928 4406 affectus;
1992 4338 2088 4392 sed
2124 4337 2447 4394 Terentium
2482 4336 2683 4407 ubique

457 4436 780 4501 vocativum
821 4439 992 4514 ,puer‘
1031 4438 1349 4503 adhibuisse
1387 4456 1713 4518 persuasum
1750 4456 1808 4500 se
1848 4441 2052 4502 habere
2092 4439 2351 4502 affirmat.
