3300 4984
1435 354 1844 423 ...87-

866 535 1026 603 Eun.
1075 540 1208 604 154.
1297 537 1412 619 Eu,
1477 544 1697 606 noster
1714 589 1730 620 ,
1795 539 2016 608 laudo:
2086 540 2345 608 tandem
2404 539 2754 624 perdoluit:

2313 676 2411 722 v1r
2453 677 2541 724 es.
2698 685 2703 692 ·

875 784 1136 866 Adelph.
1181 787 1325 851 564.
1363 785 1618 852 Laudo:
1662 786 1980 868 Ctesipho,
2026 787 2335 870 patrissas
2381 836 2395 852 .
2444 838 2459 855 .
2506 840 2519 854 .

535 919 711 986 Idem
755 919 890 985 fere
930 922 1104 986 valet
1144 921 1404 988 verbum
1448 927 1664 1004 ‚amo‘z

871 1059 1030 1125 Eun.
1081 1062 1216 1125 186.
1262 1060 1495 1126 Merito
1539 1066 1604 1126 te
1648 1078 1811 1142 amo,
1855 1060 2017 1128 bene
2063 1060 2239 1128 facis.

705 1197 1010 1265 Omnibus
1052 1198 1150 1263 his
1191 1198 1362 1279 locis,
1418 1217 1574 1280 quos
1617 1200 2139 1281 enumeravimus,
2209 1199 2346 1264 fieri
2390 1218 2573 1280 posse
2616 1217 2759 1266 con·-

538 1312 818 1379 cedimus
834 1362 849 1392 ‚
913 1317 986 1378 ut
1029 1312 1121 1377 eis
1162 1311 1372 1378 verbis
1390 1363 1405 1393 ,
1478 1331 1640 1394 quae
1683 1313 2065 1380 sententiam
2109 1313 2425 1378 causalem
2468 1312 2758 1394 flagitare

539 1425 854 1505 videntur,
898 1425 1169 1490 alterum
1215 1426 1612 1491 enuntiatum
1652 1426 2022 1507 primarium
2045 1426 2476 1492 coniunctione
2520 1427 2759 1492 causali

537 1539 972 1622 subiungatur.
1057 1539 1182 1606 Sed
1224 1545 1437 1605 tamen
1481 1538 1879 1622 nequaquam
1910 1539 2242 1609 dicendum
2280 1558 2419 1606 esse
2450 1541 2757 1621 existimo,

537 1654 663 1720 illis
706 1654 858 1719 locis
899 1653 1233 1736 parataxin
1276 1653 1593 1719 causalem
1649 1651 1828 1719 nobis
1870 1671 2237 1734 occurrere,
2299 1673 2489 1736 quam
2529 1654 2595 1720 in
2636 1654 2763 1721 illis

539 1774 788 1835 tantum
834 1767 1136 1849 exemplis
1181 1774 1434 1833 exstare
1479 1786 1827 1849 censemus,
1884 1766 1989 1833 ubi
2031 1773 2416 1835 structuram
2460 1768 2761 1852 hypotac-

539 1882 730 1948 ticam
769 1881 1039 1963 positam
1075 1899 1225 1946 -esse
1281 1899 1360 1946 ex
1416 1882 1652 1948 usitato
1708 1900 1943 1964 genere
1999 1881 2244 1948 dicendi
2302 1889 2758 1966 exspectamus.

538 1996 944 2063 Locutionem
986 1990 1201 2061 autem
1249 1996 1446 2078 ,perii‘
1490 2001 1559 2061 et
1595 1995 1783 2062 huius
1825 1997 2063 2063 similes
2112 2016 2235 2063 non
2291 2003 2475 2063 tanta
2516 2015 2657 2064 cum
2698 1997 2761 2063 vi

543 2108 898 2176 efferendas
941 2125 1116 2208 esse,
1189 2114 1262 2174 ut
1305 2109 1701 2176 enuntiatum
1742 2109 2185 2176 secundarium
2230 2130 2308 2176 ex
2340 2111 2441 2198 ,eis
2482 2111 2760 2193 pendere

537 2221 928 2288 commodum
971 2222 1074 2301 sit,
1118 2241 1196 2288 ex
1239 2241 1314 2288 eo
1343 2222 1595 2288 elucere
1634 2223 1919 2304 inprimis
1962 2223 2114 2290 mihi
2159 2224 2429 2306 videtur,
2474 2225 2641 2308 quod
2686 2231 2758 2292 ut
2818 2199 2827 2211 ⁵

536 2336 706 2418 apud
773 2337 1069 2402 Plautum
1131 2337 1225 2402 ita
1286 2336 1352 2401 in
1392 2337 1655 2402 Terenti
1708 2336 1939 2404 fabulis
2008 2339 2261 2420 plurimi
2326 2347 2582 2407 exstant
2622 2341 2759 2423 loci,

537 2451 762 2532 quibus
786 2450 935 2516 illae
965 2467 1150 2516 voces
1171 2449 1324 2515 nihil
1346 2448 1517 2516 aliud
1545 2449 1902 2531 significant
1931 2468 2118 2533 quam
2150 2452 2670 2519 exclamationem
2688 2456 2759 2533 ¹).

538 2566 673 2632 Hac
715 2564 1170 2647 significatione
1211 2565 1360 2630 illae
1404 2547 1587 2632 voces
1630 2584 1773 2630 cum
1816 2564 2021 2631 solute
2068 2565 2311 2648 positae
2338 2573 2489 2634 sunt
2529 2569 2641 2648 ita,
2684 2574 2759 2635 ut

534 2681 608 2761 is,
650 2680 758 2762 qui
801 2680 1096 2762 loquitur,
1141 2679 1374 2746 auditis
1413 2678 1784 2761 quibusdam
1828 2679 2037 2746 verbis
2077 2680 2246 2747 solas
2290 2699 2397 2747 eas
2428 2681 2757 2763 exclamat,

461 2854 467 2858 .
540 2800 674 2860 tum
716 2793 1315 2876 interrogationibus
1358 2801 1426 2860 et
1470 2793 1825 2875 sententiiS,
1871 2793 2094 2876 quibus
2137 2813 2328 2860 causa
2370 2796 2761 2862 exclamandi

538 2909 915 2989 continetur,
961 2908 1338 2987 adiciuntur,
1384 2913 1458 2972 ut
1485 2926 1719 2972 earum
1763 2908 1856 2973 vis
1899 2908 2079 2989 quasi
2119 2915 2433 2989 augeatur
2454 2912 2534 2989 2).
2620 2910 2760 2976 Non

540 3023 815 3088 alienum
861 3022 1028 3088 hunc
1069 3040 1254 3087 usum
1295 3021 1547 3102 illorum
1587 3020 1923 3088 verborum
1964 3021 2157 3087 fuisse
2185 3039 2225 3086 a
2252 3022 2483 3088 ceteris
2510 3024 2761 3091 comicis

537 3139 914 3220 intellegere
957 3138 1107 3202 licet
1150 3155 1225 3201 ex
1273 3135 1694 3220 compluribus
1737 3153 1955 3202 eorum
2008 3127 2381 3217 fragmentis
2435 3138 2539 3220 (cf.
2584 3138 2757 3208 Sext.

538 3256 731 3336 Turp.
782 3256 919 3320 104.
969 3256 1106 3320 179.
1152 3252 1339 3318 Titin.
1386 3255 1485 3317 32.
1546 3251 1763 3318 Afran.
1808 3253 1907 3318 65.
1953 3255 2095 3318 214.
2140 3254 2280 3319 393.
2342 3253 2558 3336 Pomp.
2602 3254 2759 3322 Bon.

535 3373 638 3438 67.
683 3369 867 3436 Caec.
913 3369 1072 3435 Stat.
1119 3370 1207 3450 2).

706 3509 934 3574 Restat
975 3512 1050 3573 ut
1085 3506 1242 3573 duos
1280 3508 1448 3572 locos
1489 3505 1906 3572 Terentianos
1949 3504 2230 3586 afferam,
2296 3505 2521 3588 quibus
2563 3508 2759 3588 ,perii‘

541 3623 940 3688 coniunctum
985 3627 1084 3688 est
1127 3621 1282 3701 voci,
1326 3638 1488 3702 quae
1529 3620 1694 3686 idem
1737 3618 1873 3685 fere
1920 3620 2110 3700 valet,
2167 3620 2223 3684 si
2266 3639 2520 3688 sensum
2563 3623 2761 3690 consi-

540 3734 895 3802 deraveris:

683 4001 736 4066 1)
779 3997 960 4064 ,Perii‘
1001 3998 1365 4054 exclamantis
1404 4004 1494 4054 est
1532 3999 1703 4054 Andr.
1744 3997 1868 4054 346.
1906 3997 2028 4052 592.
2066 3997 2171 4053 607
2211 3997 2285 4053 al.
2326 3996 2550 4067 ,Occidi‘
2589 3997 2761 4053 Andr.

538 4100 659 4157 592.
697 4101 918 4158 Phorm.
955 4101 1057 4156 641
1101 4101 1191 4170 (cf.
1232 4101 1436 4156 Heaut.
1475 4101 1598 4170 908,
1646 4100 1743 4155 ubi
1781 4101 1851 4156 ab
1890 4102 2070 4156 altero
2109 4100 2480 4171 interrogatio
2519 4100 2765 4156 adicitur

541 4202 731 4271 ,Quam
771 4203 841 4257 ob
879 4218 992 4258 rem
1006 4205 1075 4270 P‘)
1117 4203 1349 4270 ,Interii‘
1390 4202 1560 4258 Andr.
1598 4203 1720 4256 346.
1763 4201 2017 4270 Disperii‘
2061 4203 2267 4258 Heaut.
2308 4203 2431 4256 970.

684 4325 740 4392 ⁶2)
781 4323 1031 4378 Formam
1073 4323 1245 4392 ,perii‘
1286 4324 1455 4377 etiam
1498 4323 1676 4377 futuri
1714 4323 1832 4376 loco
1869 4323 2109 4390 pocitam
2149 4339 2269 4377 esse
2308 4321 2661 4392 cognoscitur
2697 4337 2765 4376 ex

544 4425 713 4480 Andr.
756 4443 810 4482 v.
849 4425 973 4480 213.
1049 4425 1112 4479 Si
1149 4424 1404 4493 senserit,
1442 4423 1586 4496 perii
1627 4463 1639 4476 .
1678 4464 1694 4478 .
