3300 4984
849 593 968 653 sat.
1011 585 1094 667 II,
1139 591 1192 668 1,
1239 587 1320 652 53
1361 604 1496 670 sqq.
1541 586 1821 652 Scaevae
1862 583 2144 650 vivacem
2186 581 2375 649 crede
2414 581 2631 665 nepoti

938 702 1242 768 Matrem:
1287 699 1374 766 nil
1418 701 1610 767 faciet
1649 699 1913 766 sceleris
1955 699 2061 780 pia
2101 698 2327 765 dextra
2371 747 2385 764 .
2434 751 2447 764 .
2498 750 2511 763 .
2559 719 2605 761 .·

937 814 1061 881 Sed
1108 816 1276 881 mala
1320 814 1504 881 tollet
1543 833 1732 880 anum
1774 813 1998 880 vitiato
2044 813 2232 880 melle
2274 812 2499 880 cicuta.

892 975 924 1011 „
1009 928 1092 1008 ΙΙ,
1137 933 1193 1010 7,
1241 931 1322 994 73
1363 947 1456 1010 sq.
1498 928 1675 994 Tolle
1716 926 2059 1010 periclum;

936 1041 978 1106 J
979 1060 1082 1106 am
1123 1060 1285 1124 vaga
1321 1041 1610 1124 prosiliet
1648 1040 1847 1107 frenis
1889 1046 2121 1106 natura
2160 1041 2439 1108 remotis.

847 1191 943 1256 ep.
990 1175 1041 1255 Ι,
1082 1180 1145 1253 4,
1194 1178 1269 1239 11
1315 1193 1449 1259 sqq.
1495 1176 1675 1242 Inter
1717 1193 1895 1256 spem
1940 1163 2300 1256 curamque,
2343 1173 2604 1240 timores
2642 1174 2737 1240 in-

2142 1296 2246 1357 ter
2287 1294 2356 1355 et
2396 1291 2526 1356 iras

827 1453 862 1484 .
935 1405 1201 1470 Omnem
1245 1404 1433 1470 crede
1475 1404 1642 1471 diem
1689 1405 1803 1472 tibi
1845 1406 2144 1473 diluxisse
2186 1423 2585 1489 supremum:

936 1518 1141 1585 Grata
1180 1521 1607 1602 superveniet,
1653 1540 1815 1603 quae
1857 1541 1981 1589 non
2021 1520 2384 1606 sperabitur
2423 1520 2599 1586 hora.

680 1649 1140 1733 Nonnunquam
1157 1617 1364 1734 ‘apud
1407 1654 1773 1718 Terentium
1829 1655 2050 1721 itidem
2109 1660 2181 1720 ut
2233 1652 2400 1735 apud
2442 1652 2739 1717 Plautum

517 1764 846 1830 enuntiato
887 1764 1342 1846 interrogativo
1385 1765 1665 1832 condicio
1723 1768 2030 1834 contineri
2085 1765 2355 1834 videtur.
2438 1765 2631 1832 Velut
2672 1765 2739 1830 in

516 1878 809 1960 Spengeli
853 1879 1125 1947 editione
1168 1881 1438 1964 legimus
1481 1883 1572 1949 sic
1616 1882 1885 1964 Adelph.
1930 1903 1989 1950 V.
2038 1887 2155 1948 117
2199 1902 2363 1966 sqq.:

934 2011 1231 2090 Obsonat,
1273 2019 1474 2096 potat,
1518 2015 1650 2081 olet
1692 2019 2057 2096 unguenta?
2100 2015 2180 2081 de
2222 2033 2395 2096 meo;

938 2126 1170 2192 Amat?
1240 2125 1495 2195 dabitur
1559 2147 1701 2195 ame
1764 2135 2121 2211 argentum,
2193 2129 2343 2195 dum
2406 2127 2530 2195 erit
2575 2147 2737 2195 com-

2252 2243 2521 2312 modum.

939 2355 1134 2422 Fores
1178 2356 1446 2440 ecfregit
1461 2360 1494 2426 2
1536 2357 1996 2441 restituentur3
2039 2358 2291 2425 discidit

941 2469 1250 2540 Vestem?
1293 2472 1678 2538 resarcietur
1722 2523 1736 2538 .
1783 2520 1799 2536 .
1844 2518 1862 2536 .

519 2600 732 2671 Ceteri
779 2603 1056 2670 editores
1101 2604 1582 2688 (Umpfenbach,
1627 2606 2021 2686 Fleckeisen,
2064 2605 2399 2688 Dziatzko)
2438 2613 2504 2673 et
2544 2607 2743 2671 Drae-

518 2732 633 2794 ger
647 2767 662 2795 ,
737 2717 845 2798 qui
887 2717 1053 2784 hunc
1095 2719 1302 2786 locum
1341 2719 1560 2785 attulit
1577 2771 1593 2801 ,
1664 2720 2147 2802 interrogationi
2192 2720 2395 2785 locum
2437 2736 2561 2785 non
2603 2737 2743 2786 esse

517 2829 814 2912 indicant,
860 2850 1000 2897 cum
1037 2832 1127 2898 sic
1170 2831 1481 2899 scribant:

943 2945 1243 3045 Obsonat,
1285 2970 1485 3047 potat,
1529 2964 1661 3030 olet
1702 2970 2060 3046 unguenta:
2108 2964 2188 3032 de
2232 2983 2405 3048 meo;

937 3079 1160 3146 Amat:
1205 3078 1459 3146 dabitur
1499 3099 1538 3143 a
1583 3098 1684 3144 me
1728 3086 2062 3161 argentum
2108 3130 2367 3146 .....

519 3209 820 3277 Videmus
873 3213 1069 3294 igitur
1118 3213 1304 3280 hodie
1359 3231 1604 3296 quoque
1664 3233 1740 3278 ea
1796 3214 2009 3279 valere
2028 3265 2043 3294 ,
2115 3231 2277 3295 quae
2333 3213 2459 3278 iam
2515 3212 2584 3279 C.
2630 3213 2735 3277 Fr.

520 3324 846 3390 Hermann
889 3327 954 3407 (1.
993 3327 1038 3393 1.
1082 3346 1140 3409 p.
1177 3331 1279 3406 15)
1324 3326 1500 3408 dixit,
1548 3327 1627 3392 de
1670 3326 1964 3409 ambigua
2004 3326 2116 3392 illa
2156 3327 2543 3410 quaestione,
2590 3344 2742 3392 num

517 3440 583 3504 in
625 3439 865 3521 protasi
907 3441 1297 3522 paratactica
1337 3443 1529 3509 etiam
1571 3441 2052 3523 interrogationi
2094 3441 2269 3508 locus
2309 3441 2413 3522 sit,
2461 3439 2742 3506 eruditos

518 3553 877 3636 disceptare
922 3555 1112 3636 inque
1152 3556 1437 3624 diversas
1480 3561 1698 3638 partes
1740 3553 1936 3621 abire.
2024 3555 2232 3638 Atque
2254 3554 2578 3619 Hermann
2604 3553 2741 3636 ipse

519 3705 602 3714 ——
642 3668 930 3750 inprimis
973 3669 1130 3734 Eun.
1177 3690 1230 3736 v.
1275 3672 1398 3735 252
1442 3671 1616 3737 nisus
1658 3707 1742 3715 —-
1784 3668 2263 3749 demonstravit,
2309 3667 2590 3750 protasin
2633 3685 2741 3749 pa-

520 3783 893 3847 ratacticam
938 3801 1053 3864 per
1096 3801 1165 3848 se
1208 3789 1562 3866 spectatam
1605 3784 2102 3866 interrogatione
2124 3801 2247 3848 non
2287 3782 2589 3864 indigere,
2632 3781 2743 3847 ad-

519 3896 795 3978 iecitque
838 3897 941 3961 vel
983 3897 1327 3976 germanici
1367 3898 1676 3963 sermonis
1703 3897 2126 3964 inversionem
2148 3896 2431 3978 quamvis
2461 3887 2742 3976 proxime

520 4009 602 4076 ad
645 4010 1159 4092 interrogationis
1210 4010 1485 4092 speciem
1526 4010 1816 4091 accedat,
1882 4017 2133 4077 tantum
2174 4008 2417 4087 abesse,
2487 4014 2562 4075 ut
2601 4007 2745 4074 ideo

521 4143 635 4207 pro
674 4126 1187 4209 interrogatione
1229 4126 1542 4192 habeatur
1558 4178 1573 4206 ,
1631 4132 1708 4191 ut
1757 4145 1880 4192 non
1937 4127 2159 4208 exiguo
2214 4124 2572 4191 discrimine
2624 4122 2745 4189 hoc

521 4239 823 4330 loquendi
861 4259 1088 4322 genus:
1179 4239 1412 4321 ,Willst
1454 4241 1540 4305 du
1583 4240 1704 4305 mir
1745 4240 1973 4322 folgen,
2018 4258 2088 4305 so
2129 4239 2292 4322 gehe
2334 4240 2501 4308 mit‘!
2547 4236 2744 4304 distet

523 4351 603 4419 ab
645 4353 789 4420 illot
881 4354 1114 4435 ,Willst
1173 4353 1260 4420 du
1312 4353 1432 4418 mir
1489 4354 1746 4434 folgen‘?
1833 4352 1980 4418 Nun
2038 4370 2108 4419 so
2163 4352 2325 4435 gehe
2380 4351 2544 4417 mit‘l
2629 4349 2746 4415 Illo

526 4464 794 4554 Adelph.
836 4468 972 4536 loco
1013 4485 1210 4556 supra
1253 4467 1446 4538 allato
1488 4485 1727 4556 veram,
1792 4471 1865 4536 ut
1904 4467 1998 4541 ita
2039 4465 2262 4557 dicam,
2304 4464 2745 4556 interrogatio-
