3300 4984
1463 440 1546 454 ....
1627 405 1714 470 50
1794 445 1877 460 ..-

546 578 667 647 hoc
734 581 870 648 loco
937 581 1318 649 Terentiano
1396 601 1728 651 censemus
1748 587 1799 664 1)
1820 635 1835 664 ,
1908 603 2286 668 quamquam
2378 587 2774 656 concedimus

549 697 811 776 ,verum‘
857 697 972 778 (sc.
1017 700 1141 776 est)
1191 696 1360 763 idem
1405 715 1564 779 esse,
1625 697 1792 781 quod
1847 706 2066 766 nostro
2116 719 2408 768 sermone
2459 702 2774 785 particula

551 809 656 892 ‚ja‘
697 809 1137 892 sigmficamus.
1220 811 1409 877 Haud
1451 811 1640 878 aliter
1680 813 2115 896 explicandum
2159 833 2300 882 esse
2344 819 2624 898 ‚verum‘‚
2663 815 2772 883 ubi

548 923 758 992 solute
800 925 1076 1007 positum
1120 932 1237 1006 est,
1303 946 1426 993 non
1485 927 1813 994 enuntiato
1871 928 2208 1011 adiectum,
2285 935 2353 997 et
2392 931 2666 1014 Spengel
2707 938 2777 997 et

547 1037 853 1106 Dziatzko
894 1039 975 1105 ad
1020 1038 1286 1123 Adelph.
1332 1060 1386 1106 v.
1433 1043 1555 1107 543
1599 1040 2080 1109 adnotaverunt.

712 1783 754 1848 J
755 1801 855 1849 am
927 1801 1121 1864 supra
1189 1782 1359 1866 (pag.
1404 1782 1512 1866 32)
1575 1782 1643 1848 in
1710 1779 2043 1848 verborum
2122 1782 2343 1849 orandi
2403 1801 2521 1849 usu
2584 1802 2769 1866 para-

547 1895 781 1962 tactico
836 1895 1215 1962 illustrando
1276 1894 1738 1963 coniunctivum
1803 1913 2048 1978 quoque
2110 1895 2386 1962 solutum
2442 1915 2584 1962 cum
2645 1896 2770 1964 illis

549 2011 948 2077 coniunctum
1001 2009 1083 2074 ad
1152 2010 1487 2091 parataxin
1543 2009 1869 2091 pertinere
1942 2008 2119 2075 nobis
2192 2026 2331 2076 esse
2394 2027 2769 2091 persuasum

547 2122 838 2190 diximus.
921 2123 1146 2205 Itaque
1181 2122 1260 2188 ab
1315 2127 1534 2189 nostra
1593 2122 1911 2203 provincia
1966 2123 2239 2188 alienum
2294 2141 2419 2188 non
2471 2129 2768 2205 putamus

548 2255 625 2304 ea
675 2254 923 2319 quoque
977 2235 1172 2302 verba
1231 2251 1604 2301 enumerare
1623 2287 1638 2316 ‚
1712 2253 1873 2318 quae
1932 2242 2193 2318 praeter
2247 2237 2357 2302 illa
2406 2237 2532 2302 iam
2574 2237 2771 2302 allata

545 2349 924 2418 coniunctivi
965 2349 1398 2416 coniunctione
1441 2349 1631 2416 soluti
1674 2355 2064 2416 structuram
2102 2350 2466 2418 admittunt.
2552 2351 2767 2417 Mone-

543 2484 687 2532 mus
726 2463 1048 2530 Holtzium
1070 2463 1125 2548 2)
1176 2470 1242 2530 et
1286 2469 1396 2544 ,ut‘
1442 2463 1941 2530 coniunctionem
1984 2483 2176 2546 saepe
2217 2465 2283 2529 in
2328 2464 2768 2532 enuntiationi-

543 2579 664 2646 bus
720 2578 1044 2646 obiectivis
1105 2584 1172 2644 et
1227 2582 1345 2658 ,ne‘
1402 2579 1898 2645 coniunctionem
1952 2579 2121 2660 apud
2182 2578 2443 2646 verbum
2498 2583 2766 2660 ‚cavere‘

542 2712 737 2776 saepe
774 2692 984 2759 omitti
1021 2693 1348 2774 solumque
1391 2692 1851 2759 coniunctivum
1895 2694 2042 2775 poni
2085 2693 2419 2760 affirmare.
2463 2694 2587 2760 Sed
2627 2694 2767 2760 fieri

543 2825 669 2874 non
710 2787 992 2890 potuisse
1031 2811 1232 2887 patet,
1295 2811 1369 2872 ut
1421 2804 1679 2872 libidine
1734 2805 2004 2888 quadam
2047 2810 2159 2887 ‚ut‘
2205 2813 2271 2872 et
2316 2811 2435 2887 ,ne‘
2478 2807 2767 2873 coniunc-

543 2920 754 2988 tiones
774 2919 1225 2986 omitterentur
1251 2919 1318 2983 in
1349 2919 1902 2996 enuntiationibus,
1944 2937 2107 3002 quae
2136 2919 2533 2986 subiunctiva
2561 2927 2765 2986 struc-

437 3058 441 3062 ·
544 3039 694 3102 tura
736 3052 879 3100 cum
919 3032 1058 3098 aliis
1118 3032 1408 3114 coniungi
1452 3032 1759 3100 solebant.
1846 3035 2042 3100 Immo
2083 3032 2262 3099 illum
2306 3035 2766 3100 conjunctivum
2871 3103 2883 3114 ,

543 3149 824 3218 solutum
864 3169 981 3232 per
1020 3168 1093 3216 se
1133 3155 1307 3216 stare
1366 3156 1433 3216 et
1492 3149 1729 3216 laxiore
1784 3149 2055 3233 quadam
2108 3150 2480 3226 conectendi
2520 3150 2768 3217 ratione

544 3283 688 3333 cum
742 3262 952 3330 verbis
992 3263 1283 3345 coniungi
1325 3262 1733 3330 statuendum
1777 3269 1897 3344 est,
1956 3269 2033 3330 ut
2071 3265 2279 3346 potius
2321 3263 2380 3330 ei
2420 3264 2531 3330 illa
2572 3263 2769 3330 verba

542 3380 934 3463 paratactice
976 3381 1266 3462 apposita
1309 3399 1449 3448 esse
1470 3433 1485 3460 ,
1559 3400 1745 3464 quam
1810 3380 2019 3463 ipsum
2080 3381 2160 3448 ab
2222 3382 2349 3448 illis
2406 3381 2769 3482 dependere

544 3495 824 3561 dicamus
847 3495 923 3576 ³).
1011 3494 1410 3562 Paratactica
1451 3496 1649 3580 igitur
1690 3501 2018 3563 structura
2059 3497 2183 3562 illis
2225 3497 2377 3563 locis
2393 3548 2408 3577 ‚
2475 3496 2582 3563 ubi
2621 3514 2765 3563 con-

541 3607 859 3675 iunctivus
899 3608 1146 3674 solutus
1188 3609 1461 3691 ponitur,
1523 3609 1736 3676 verbis
1789 3609 2163 3692 quibusdam
2216 3609 2520 3691 adiectuS,
2591 3611 2768 3677 iuxta

542 3722 962 3806 subiungendi
1000 3725 1312 3791 rationem
1353 3723 1635 3791 adhibita
1678 3732 1797 3807 est,
1841 3731 1914 3793 ut
1955 3725 2021 3791 in
2061 3726 2186 3792 illis
2231 3725 2552 3807 exempliS,
2603 3744 2767 3809 quae

541 3836 625 3904 ad
667 3835 1004 3906 verborum
1045 3838 1360 3906 sentiendi
1403 3845 1470 3905 et
1510 3838 1875 3905 declarandi
1914 3858 2099 3907 usum
2127 3837 2582 3920 paratacticum
2622 3839 2765 3906 illu-

688 4074 743 4142 1)
784 4074 853 4130 cf.
889 4073 1141 4144 Langen,
1177 4073 1214 4128 1.
1253 4074 1290 4129 1.
1329 4091 1383 4144 p.
1423 4073 1548 4130 116.
1620 4074 1865 4139 ,Verum‘
1908 4075 2062 4131 dient
2098 4074 2188 4130 bei
2224 4073 2463 4130 Plautus
2498 4072 2655 4129 nicht
2679 4073 2787 4154 als*

547 4177 1222 4249 Betheuerungspartikel
1258 4178 1316 4233 in
1355 4179 1460 4235 den
1498 4179 1832 4235 Antworten
1870 4178 1973 4234 mit
2019 4178 2378 4248 bejahendem
2416 4176 2585 4232 Sinn‘.

685 4281 743 4350 2)
779 4283 814 4337 l.
856 4283 890 4336 l.
928 4282 1006 4352 II,
1048 4282 1153 4338 166
1191 4287 1251 4339 et
1290 4281 1412 4337 174.
1452 4283 1523 4338 cf.
1562 4281 1795 4338 Kiihner
1830 4283 1906 4338 ΙΙ.
1944 4282 2065 4338 808.
2117 4281 2373 4352 Draeger
2406 4280 2457 4350 S.
2493 4278 2616 4335 409.

687 4384 744 4456 3)
785 4385 856 4443 cf.
897 4385 934 4441 J
937 4385 1066 4456 olly,
1104 4385 1212 4441 Ein
1233 4385 1466 4456 Kapitel
1503 4385 1682 4458 vergl.
1710 4385 1865 4456 Synt.
1906 4403 1959 4458 p.
1984 4385 2071 4440 63.
2145 4384 2249 4443 Die
2270 4382 2578 4440 einfachste
2598 4383 2765 4446 Fortu

543 4487 642 4546 der
677 4488 885 4561 Hypot.
923 4504 979 4559 p.
1017 4488 1124 4543 218
1159 4504 1238 4561 sq.
