3300 4984
1433 362 1846 424 „57-

531 537 792 604 Monere
835 555 959 602 non
1001 535 1349 602 omittimus
1393 553 1611 602 eorum
1653 535 2007 616 verborum,
2049 554 2210 617 quae
2253 536 2376 602 huc
2406 535 2748 618 pertinent,

531 657 644 718 aut
698 650 1141 733 imperativum
1207 655 1340 720 aut,
1378 668 1713 731 personam
1782 650 2047 732 primam
2111 652 2355 717 numeri
2412 651 2751 734 singularis

533 784 674 832 cum
716 765 1110 832 coniunctivo
1152 765 1359 831 soluto
1419 765 1709 846 coniungi
1764 765 2041 848 exceptis
2093 764 2310 832 formis
2368 766 2499 847 ,viS,
2545 765 2750 845 volti&

533 879 768 960 mavis‘,
812 897 975 961 quae
1015 877 1614 960 interrogationibus
1656 877 2033 945 adiciuntur.

699 993 794 1056 Ex
835 991 1064 1057 Horati
1105 990 1498 1058 sermonibus
1540 997 1614 1057 ut
1657 991 1996 1058 afferamus
2043 998 2248 1058 restat
2289 1011 2483 1058 unum
2525 993 2753 1072 locum,

535 1124 658 1188 quo
697 1107 1108 1189 imperativus
1152 1110 1340 1186 ,cura‘
1387 1124 1528 1172 cum
1558 1106 1951 1173 coniunctivo
1974 1107 2181 1173 soluto
2209 1108 2576 1172 coniunctus
2620 1112 2751 1172 est:

869 1225 987 1286 sat.
1034 1219 1117 1300 11,
1163 1222 1220 1299 6,
1265 1222 1364 1286 38.
1419 1220 1730 1302 Inprimat
1770 1219 1886 1300 his,
1952 1239 2123 1300 cura,
2200 1221 2535 1286 Maecenas
2575 1222 2755 1302 signa

2275 1333 2541 1401 tabellis.

705 1447 992 1528 Denique
1037 1447 1512 1514 memorandum
1559 1454 1677 1528 est,
1742 1446 2186 1530 imperativum
2239 1453 2395 1531 ,age‘
2454 1457 2526 1516 ut
2568 1450 2759 1516 alteri

540 1562 912 1643 imperativo
954 1561 1046 1626 ita
1084 1562 1477 1628 coniunctivo
1519 1562 1727 1628 soluto
1768 1562 1937 1628 vocis
1966 1562 2400 1629 exhortativae
2432 1564 2567 1630 loco
2596 1565 2758 1630 adici

539 1676 708 1758 apud
751 1676 1139 1756 Terentium,
1207 1676 1313 1758 qui
1370 1695 1522 1742 usus
1575 1677 1827 1743 omnino
1883 1697 2005 1744 non
2060 1677 2360 1744 abhorret
2400 1679 2480 1745 ab
2524 1681 2760 1748 usitato

541 1796 889 1870 auctorum,
932 1790 1039 1871 qui
1078 1789 1393 1871 dicuntur,
1437 1791 1840 1858 classicorum
1878 1810 2114 1874 genere
2158 1791 2424 1859 dicendi.

706 1892 1035 1972 Postremo
1078 1924 1186 1972 eos
1238 1906 1406 1972 locos
1463 1925 1697 1988 ponere
1748 1905 2162 1988 instituimuS,
2218 1907 2443 1990 quibus
2500 1908 2759 1975 verbum

545 2023 775 2102 ,caveo‘
823 2020 1216 2086 coniunctivo
1267 2019 1474 2086 soluto
1528 2019 1845 2086 adiectum
1898 2026 2016 2087 est.
2102 2021 2222 2098 Qui
2276 2039 2428 2086 usus
2488 2023 2637 2104 quin
2694 2031 2762 2089 et

541 2137 678 2217 ipse
719 2134 800 2200 ad
846 2135 1176 2217 parataxin
1217 2138 1488 2216 spectat,
1531 2133 1788 2200 dubium
1831 2153 1954 2201 non
1998 2152 2138 2201 esse
2177 2141 2494 2216 putamus.
2578 2136 2763 2204 Vocis

545 2268 698 2317 sono
722 2251 772 2330 ¹)
817 2248 983 2314 enim
1024 2249 1150 2314 iam
1197 2249 1354 2314 satis
1415 2266 1782 2330 expressum
1836 2267 1977 2316 esse
2028 2249 2206 2316 nobis
2262 2250 2544 2333 videtur,
2614 2253 2765 2334 quid

546 2363 758 2429 valeat
787 2361 1216 2428 coniunctivus
1245 2379 1386 2427 cum
1411 2360 1600 2428 verbo
1643 2366 1875 2444 ,caveo‘
1918 2364 2122 2429 solute
2144 2364 2529 2442 coniunctus,
2576 2384 2761 2446 quem

544 2476 625 2542 ad
667 2476 794 2541 vim
838 2473 1212 2541 coniunctivi
1257 2474 1364 2556 qui
1419 2474 1654 2540 dicitur
1696 2474 2027 2542 dubitativi
2083 2476 2182 2542 vel
2229 2477 2624 2542 deliberativi
2665 2497 2767 2544 ac-

545 2591 771 2656 cedere
817 2589 1218 2655 arbitramur.
1305 2588 1428 2656 Sed
1474 2591 1644 2656 solus
1686 2591 2097 2671 imperativus
2143 2595 2335 2670 ,cave‘
2380 2592 2544 2658 hunc
2582 2611 2767 2659 usum

543 2705 810 2787 praebet
853 2710 1044 2787 atque
1090 2723 1232 2770 eum
1270 2703 1406 2771 fere
1446 2705 1582 2770 loco
1624 2705 1976 2787 particulae
2016 2705 2433 2788 prohibitivae
2478 2711 2599 2792 ,ne‘
2628 2727 2767 2774 esse

548 2820 886 2902 putaveris.
1874 2881 1879 2887 .

881 2932 1077 2999 Andr.
1122 2935 1264 3000 403.
1311 2933 1479 2999 Cave
1524 2938 1589 2999 te
1634 2952 1775 3000 esse
1818 2935 2068 3000 tristem
2112 2936 2369 3015 sentiat,

955 3098 988 3131 ,‚
1119 3049 1260 3114 760.
1304 3047 1521 3114 Mane:
1609 3067 1761 3113 cave
1826 3067 2139 3130 quoquam
2183 3069 2259 3114 ex
2299 3051 2457 3116 istoc
2501 3052 2773 3117 excessis

2393 3165 2559 3230 loco!

883 3277 1114 3343 Heaut.
1164 3281 1302 3344 187.
1345 3276 1512 3343 Cave
1550 3276 1731 3344 faxis,

980 3439 1010 3472 ‚‚
1155 3392 1294 3456 826.
1339 3391 1505 3456 Cave
1547 3391 1879 3473 quicquam
1923 3391 2273 3458 admiratus
2312 3395 2399 3459 sis
2446 3446 2459 3461 .
2505 3444 2521 3460 .
2568 3443 2581 3458 .

978 3554 1009 3587 „
1153 3506 1332 3570 1031.
1380 3505 1464 3570 Et
1506 3522 1659 3570 cave
1700 3505 1982 3595 posthac,
2027 3507 2081 3572 si
2115 3525 2215 3572 me
2237 3525 2429 3588 amaS,
2479 3527 2771 3591 umquam

1545 3619 1709 3685 istuc
1754 3619 2013 3686 verbum
2062 3640 2137 3687 ex
2181 3625 2248 3686 te
2291 3619 2560 3687 audiam.

980 3782 1013 3815 „
1162 3733 1339 3798 1032.
1416 3732 1504 3799 At
1547 3750 1682 3815 ego,
1726 3734 1781 3799 si
1822 3752 1924 3798 me
1967 3734 2218 3814 metuis,
2260 3754 2468 3802 mores
2511 3754 2661 3801 cave
2710 3735 2773 3801 in

1787 3852 1853 3913 te
1894 3865 2034 3913 esse
2076 3847 2229 3914 istos
2273 3850 2562 3915 sentiam.

892 3958 1141 4028 Phorm.
1187 3962 1326 4026 764.
1373 3959 1499 4026 Sed
1538 3978 1656 4041 per
1698 3960 1848 4027 deos
1870 3967 2065 4044 atque
2087 3962 2370 4029 homines
2399 3980 2605 4028 meam
2635 3982 2778 4028 esse

1467 4075 1629 4140 hanc
1678 4092 1829 4141 cave
1872 4075 2175 4142 resciscat
2216 4076 2563 4160 quisquam.

984 4237 1017 4271 „
1189 4189 1328 4255 993.
1373 4188 1541 4256 Cave
1581 4189 1691 4256 isti
1731 4189 2062 4272 quicquam
2104 4191 2388 4258 creduaS.

705 4431 760 4502 1)
799 4431 867 4490 cf.
905 4431 1072 4506 Jouy‚
1108 4432 1213 4489 Die
1253 4433 1384 4492 einf.
1422 4433 1587 4492 Form
1623 4435 1677 4494 d.
1715 4434 1921 4509 Hypot.
1956 4451 2010 4510 p.
2047 4435 2155 4493 228
2189 4440 2249 4494 et
2284 4435 2411 4498 234.
