3300 4984
1353 423 1770 486 -61-

443 620 614 668 mum
679 606 939 668 acturus
1000 620 1140 668 sum
1196 599 1276 666 de
1330 600 1422 666 eis
1477 599 1840 680 enuntiatis,
1914 617 2077 682 quae
2126 599 2363 666 causali
2420 599 2668 666 ratione

447 715 866 795 continentur,
911 715 1122 780 finalia
1164 714 1302 780 dico
1345 719 1414 780 et
1456 713 1859 780 consecutiva
1902 718 1970 779 et
2011 712 2306 779 causalia.

610 830 950 895 Parataxin
1013 829 1266 894 finalem
1327 834 1464 895 tum
1527 827 1814 894 accidere
1886 845 2211 894 monemus
2227 877 2244 907 ‚
2328 819 2506 893 cum'
2543 826 2668 893 duo

444 945 774 1012 enuntiata
816 945 1135 1026 primaria,
1190 962 1455 1027 quorum
1495 963 1691 1010 unum
1734 962 1876 1010 cum
1931 943 2136 1010 altero
2192 942 2364 1009 finali
2419 944 2666 1011 ratione

319 1053 324 1058 ’
443 1061 822 1142 continetur,
863 1063 976 1125 aut
1017 1058 1305 1142 asyndeti
1348 1056 1552 1125 forma
1603 1063 1719 1124 aut
1772 1057 2228 1139 particularum
2286 1075 2407 1123 usu
2448 1075 2667 1123 conec-

442 1179 685 1242 tuntur.
746 1175 956 1256 Atque
993 1172 1341 1256 asyndeton
1370 1171 1559 1239 finale
1587 1172 1960 1255 plerumque
1987 1189 2324 1265 occurrere
2346 1171 2664 1238 Weissen-

439 1287 599 1354 horn
645 1287 730 1372 (p.
781 1288 884 1370 13)
929 1286 1217 1366 affirmdl,
1263 1287 1319 1352 si
1359 1286 1571 1367 verba,
1627 1305 1791 1369 quae
1832 1285 2124 1352 movendi
2182 1285 2503 1352 notionem
2553 1286 2665 1352 ha-

441 1401 614 1482 bent,
659 1400 1060 1467 antecedant.
1147 1400 1323 1467 Idem
1340 1401 1396 1484 ι)
1437 1419 1514 1466 ea
1545 1401 1833 1482 exempla
1860 1400 2063 1482 primo
2085 1399 2221 1466 loco
2242 1398 2462 1481 refert,
2502 1418 2665 1482 quae

438 1516 849 1598 imperativos
893 1515 953 1596 ‚i,
999 1516 1108 1582 ite‘
1153 1533 1296 1581 cum
1327 1514 1465 1580 aliis
1493 1515 1883 1596 imperativis
1918 1515 2281 1581 coniunctos
2300 1513 2661 1581 ostendunt.
2707 1547 2711 1552 ·

439 1628 879 1710 Compluribus
925 1629 1060 1696 eius
1110 1629 1279 1696 modi
1326 1629 1476 1696 locis
1535 1629 1749 1695 allatis
1791 1629 1908 1696 hos
1950 1629 2357 1710 imperativos
2403 1629 2495 1695 ait
2538 1648 2662 1695 non

437 1749 572 1810 tam
638 1745 928 1810 motionis
989 1762 1175 1827 quam
1237 1742 1686 1810 cohortationis
1748 1745 1875 1810 vim
1936 1743 2193 1823 habere,
2265 1749 2337 1808 ut
2392 1743 2661 1830 quodam

437 1857 619 1925 modo
664 1861 916 1940 cognati
958 1860 1087 1925 sint
1129 1877 1269 1925 cum
1328 1858 1720 1940 imperativis
1775 1876 1890 1940 pro
1946 1856 2383 1924 interiectione
2442 1857 2663 1940 positis

437 1992 594 2056 ,age,
639 1974 850 2055 agite‘.
940 1972 1126 2056 Apud
1178 1973 1546 2039 Terentium
1601 1991 1797 2039 unum
1850 1973 2055 2039 locum
2110 1973 2484 2055 invenimus
2554 1972 2660 2039 ubi

434 2088 846 2170 imperativus
888 2090 947 2170 ,i‘
993 2090 1180 2154 alteri
1221 2089 1595 2170 imperativo
1639 2088 2073 2172 coniungitur:

770 2205 924 2272 Hec.
972 2208 1110 2272 787.
1155 2205 1208 2286 I,
1253 2205 1436 2289 exple
1477 2206 1755 2272 animum
1799 2205 1924 2288 eis,
1990 2224 2141 2288 coge
2182 2211 2257 2272 ut
2298 2205 2563 2273 credant
2584 2205 2659 2287 2).

597 2318 793 2401 Atqui
835 2319 952 2384 hoc
992 2320 1130 2401 ipso
1170 2321 1306 2385 loco
1357 2319 1771 2402 imperativus
1818 2319 1879 2400 ,i‘
1937 2338 2062 2385 non
2118 2320 2319 2386 solum
2376 2319 2660 2386 cohorta-

433 2433 622 2498 tionis
664 2433 787 2497 vim
831 2432 1044 2514 habet,
1089 2433 1204 2498 sed
1242 2434 1498 2515 propria
1537 2433 1833 2500 motionis
1859 2433 1922 2499 vi
1944 2432 2195 2512 dicitur,
2241 2451 2383 2499 cum
2412 2433 2657 2500 Laches

431 2545 728 2613 Bacchidi
766 2548 1202 2628 interroganti,
1246 2566 1396 2612 num
1440 2598 1455 2613 .
1501 2598 1516 2613 .
1565 2601 1577 2613 .
1619 2547 1789 2613 intro
1832 2553 1957 2630 eat,
2002 2547 2393 2628 respondens
2435 2546 2651 2615 verbis

429 2660 640 2727 allatis
702 2661 767 2726 id
823 2667 1095 2745 repetat,
1161 2661 1328 2745 quod
1395 2667 1586 2728 antea
1650 2663 1733 2746 (v,
1779 2663 1927 2745 754)
2000 2662 2376 2728 Bacchidem
2440 2661 2651 2729 facere

428 2776 732 2841 iusserat:
816 2777 963 2856 ,Eas
1005 2775 1087 2842 ad
1130 2777 1428 2842 mulieres
1467 2776 1590 2841 huc
1631 2776 1800 2842 intro
1842 2781 2034 2858 atque
2077 2775 2242 2841 istuc
2297 2775 2395 2840 ius
2439 2775 2651 2840 iuran-

428 2889 576 2954 dum
620 2890 774 2955 item
817 2890 1156 2971 polliceare
1197 2890 1339 2956 illis.
1427 2890 1624 2971 Exple
1681 2890 1957 2955 animum
2002 2889 2093 2955 eis
2135 2895 2325 2970 teque
2368 2889 2485 2954 hoc
2529 2889 2649 2955 cri-

427 3004 596 3094 mine
637 3003 900 3086 expedi‘.
987 3003 1234 3070 Ceteris
1284 3022 1530 3086 quoque
1587 3004 1771 3084 locis,
1844 3003 2068 3085 quibus
2122 3003 2534 3086 imperativus
2588 3005 2646 3084 ,i‘

426 3119 720 3199 occurrit,
764 3118 1116 3184 certissima
1159 3118 1294 3184 eius
1332 3118 1428 3183 vis
1473 3117 1759 3185 movendi
1808 3117 2019 3183 elucet
2039 3119 2119 3198 ³).

593 3232 716 3298 Pro
758 3233 1024 3314 simplici
1079 3231 1282 3299 forma
1339 3233 1400 3314 ,i‘
1462 3233 1801 3298 Terentius
1858 3233 2264 3314 compositam
2320 3232 2458 3314 ,abi‘
2502 3251 2680 3300 cum-

425 3347 628 3413 altero
692 3348 1065 3430 imperativo
1119 3349 1454 3414 coniunxit.
1541 3348 1851 3429 Exempla
1906 3348 2043 3414 eius
2097 3347 2266 3413 modi
2323 3349 2480 3414 haec
2540 3367 2647 3414 ex-

423 3465 628 3527 stant:
697 3499 700 3502 ·

760 3594 952 3662 Andr.
994 3599 1136 3662 523.
1183 3595 1380 3663 Immo
1423 3595 1524 3663 abi
1564 3596 1766 3663 introz
1804 3594 1891 3662 ibi
1934 3574 2036 3661 me
2063 3596 2354 3678 opperire
2384 3601 2451 3662 et
2479 3595 2645 3677 quod

1649 3713 1872 3791 parato
1912 3728 2069 3793 opus
2113 3714 2212 3775 est
2252 3727 2427 3792 para.

567 3986 622 4054 1)
661 3986 1126 4043 Dissertationem
1165 3993 1404 4060 secutus,
1445 4005 1608 4057 quam
1646 3988 1872 4058 scripsit
1908 3989 2116 4058 Ballas,
2175 3989 2415 4044 Gramm.
2453 3989 2637 4044 Plaut.

420 4089 465 4143 Ι.
507 4089 895 4155 (Greifswalde
936 4091 1096 4158 1867)
1136 4109 1189 4161 p.
1233 4091 1300 4146 14
1336 4092 1422 4158 ,de
1458 4092 1752 4161 particulis
1791 4092 2159 4161 copulativis‘.

561 4193 619 4262 2)
659 4193 880 4260 ‚Atque‘
938 4195 1088 4263 (post
1123 4193 1252 4263 imp.
1306 4194 1383 4264 ,i‘)
1441 4197 1584 4263 quod
1639 4194 1915 4250 Dziatzko
1971 4197 2129 4252 uncis
2185 4195 2429 4261 seclusit,
2492 4197 2639 4252 solus

359 4363 370 4372 .
418 4293 554 4348 Brix
595 4293 700 4362 (De
738 4295 862 4350 Ter.
905 4311 1009 4351 em.
1046 4313 1097 4365 p.
1137 4297 1196 4363 9)
1235 4297 1594 4354 sustentavit.

561 4399 618 4464 3)
660 4398 728 4453 cf.
769 4399 942 4454 Andr.
983 4400 1103 4453 171.
1177 4401 1382 4456 Heaut.
1422 4401 1543 4470 737,
1581 4401 1703 4456 831.
1740 4402 1883 4458 Eun.
1922 4402 2045 4460 908.
2084 4402 2303 4462 Phorm.
2341 4403 2464 4462 368.
2501 4404 2637 4464 Hoc.

420 4499 541 4562 358.
579 4499 815 4576 Adelph.
857 4500 979 4571 ios,
1020 4501 1142 4568 176,
1177 4501 1300 4570 587,
1338 4502 1458 4562 854.
