3300 4984
1367 373 1867 453 -11-,

465 553 583 633 (bis
611 556 683 635 ²)'
729 551 938 619 verbis
957 605 972 632 ,
1035 571 1196 636 quae
1253 552 1665 635 proferuntur
1682 603 1698 632 ,
1764 551 2223 632 anteponitur),
2290 570 2412 617 uno
2469 552 2604 617 loco
2627 550 2680 635 ²)

471 669 628 748 ,aio‘,
673 686 797 734 uno
819 669 872 751 ³)
917 667 1048 748 ,ais‘
1092 669 1387 749 occurrit,
1434 667 1631 733 semel
1662 667 1716 750 4)
1763 665 2069 747 ,aiebam‘,
2113 671 2415 748 quattuor
2456 665 2610 732 locis
2634 669 2685 746 ⁵)

470 782 720 863 ,aiebat‘
791 780 1013 850 eodem
1080 781 1264 849 modo
1317 781 1606 863 ponitur,
1684 780 1897 860 ‚aiunt‘
1965 784 2037 846 ut
2094 767 2260 861 apud
2315 779 2683 845 Terentium

465 895 796 978 proverbio
851 895 1094 962 accedit
1150 894 1392 961 duobus
1443 895 1594 960 locis
1617 894 1669 977 6)
1689 945 1705 974 ,
1770 893 2137 976 ceteroquin
2206 893 2517 974 particula
2570 899 2682 973 ,ut‘

465 1009 716 1078 adiecta
758 1008 1021 1076 verbum
1062 1009 1200 1089 ,aio‘
1263 1007 1470 1074 verbis
1527 1007 1791 1090 prolatis
1846 1006 2153 1074 inseritur
2208 1006 2310 1096 vel
2364 1008 2684 1091 postponi-

466 1131 592 1191 tur.
676 1125 864 1208 Apud
905 1125 1063 1192 alios
1104 1142 1352 1208 quoque
1395 1124 1737 1205 scriptores
1779 1121 2041 1190 verbum
2082 1123 2222 1204 ,aio‘
2264 1122 2496 1190 omissa
2536 1141 2683 1206 pare

465 1236 662 1304 ticula
705 1245 816 1318 ,ut‘
859 1255 1303 1321 nonnunquam
1343 1236 1611 1322 orationi
1649 1241 1867 1303 rectae
1918 1233 2229 1302 insertum
2282 1253 2424 1303 esse
2468 1235 2683 1303 Kueh-

463 1370 582 1416 ner
601 1354 652 1431 ¹²)
696 1350 1118 1434 compluribus
1157 1351 1311 1417 locis
1352 1350 1563 1418 allatis
1606 1349 1839 1418 docuit.

634 1466 921 1550 Denique
961 1466 1063 1532 hic
1104 1464 1430 1549 ponendus
1474 1470 1574 1532 est
1613 1464 1866 1532 Phorm.
1910 1485 1969 1532 V.
2014 1466 2166 1532 481:

803 1581 890 1646 Ut
935 1579 1106 1646 aibat
1151 1587 1163 1658 Ι
1220 1581 1316 1646 De
1363 1581 1498 1646 eius
1553 1580 1810 1648 consilio
1865 1599 2006 1647 sese
2050 1580 2213 1646 velle
2267 1581 2477 1648 facere
2521 1581 2685 1665 quod

1708 1693 1791 1759 ad
1832 1693 1994 1760 hanc
2036 1712 2175 1759 rem
2216 1694 2469 1762 attinet.

465 1808 779 1876 Orationis
842 1815 1059 1875 rectae
1125 1809 1258 1875 loco
1311 1827 1389 1875 ex
1447 1809 1774 1874 enuntiato
1828 1808 2200 1876 secundario
2254 1809 2683 1892 praecedente

467 1929 560 2002 ‚ut
624 1920 813 1988 aibat‘
891 1922 1130 2003 pendet
1207 1922 1411 1989 oratio
1467 1921 1750 2006 obliqua,
1823 1941 2010 2004 quam
2069 1922 2315 1988 dicendi
2374 1923 2681 1990 rationem

468 2036 741 2118 Spengel
765 2037 817 2120 ⁸)
881 2056 958 2102 ex
1021 2054 1310 2104 sermone
1361 2036 1606 2118 vulgari
1682 2035 2004 2118 demptam
2066 2054 2206 2104 esse
2276 2042 2480 2120 putat.
2592 2039 2686 2102 Ex

465 2148 758 2215 liberiore
813 2148 914 2215 vel
967 2150 1269 2217 solutiore
1307 2150 1578 2233 quodam
1635 2169 1871 2232 genere
1923 2149 2170 2216 dicendi
2224 2151 2381 2216 illud
2438 2134 2685 2235 quoque

463 2269 673 2328 ortum
719 2269 836 2344 est,
881 2262 1046 2345 quod
1076 2263 1413 2330 Terentius
1440 2263 1790 2329 orationem
1818 2261 2133 2345 obliquam
2162 2269 2380 2330 rectae
2416 2265 2683 2330 miscere

465 2396 587 2444 non
643 2375 892 2444 dubitat
917 2380 973 2452 ⁹)
1029 2377 1314 2458 inprimis
1381 2377 1444 2441 in
1502 2375 1969 2442 narrationibus
1983 2427 1998 2456 ,
2066 2376 2171 2442 ubi
2227 2378 2684 2444 sententiarum

472 2510 769 2558 conexum
813 2492 1112 2558 laxiorem
1154 2510 1295 2557 esse
1335 2490 1759 2585 observamus.

634 2605 731 2672 Ab
770 2607 882 2673 illo
923 2607 1230 2673 sermonis
1270 2605 1480 2672 studio
1494 2657 1509 2686 ,
1564 2624 1686 2688 quo
1729 2603 1923 2671 verba
1977 2605 2135 2671 alias
2189 2606 2359 2672 dicta
2398 2607 2683 2672 oratione

469 2717 740 2804 quadam
797 2725 974 2785 recta
1024 2726 1406 2801 repetuntur
1465 2718 1771 2801 appositis
1826 2717 2038 2784 verbis
2092 2717 2336 2784 dicendi
2392 2721 2682 2802 ,inquam‘

473 2839 539 2899 et
582 2832 718 2912 ,aio‘
738 2883 753 2912 ,
799 2851 894 2904 ea,
916 2832 1212 2915 loquendi
1253 2833 1418 2898 ratio
1458 2830 1901 2914 distinguenda
1942 2838 2069 2912 est,
2120 2850 2244 2915 qua
2285 2832 2447 2898 duae
2490 2851 2685 2899 enun-

472 2947 766 3014 tiationes
817 2948 995 3013 iuxta
1052 2955 1372 3029 ponuntur
1426 2947 1763 3028 primariae
1818 2945 2100 3013 oratione
2154 2952 2333 3013 recta
2351 2998 2367 3028 ,
2433 2945 2535 3013 ubi
2580 2966 2685 3012 ex-

471 3060 858 3143 spectaveris
871 3111 890 3140 ,
944 3066 1019 3126 ut
1072 3061 1277 3126 altera
1329 3078 1365 3125 e
1417 3059 1628 3141 priore
1682 3079 1798 3140 per
1850 3059 2198 3126 orationem
2243 3059 2558 3144 obliquam
2600 3061 2686 3126 sit

470 3179 775 3257 suspensa
818 3173 922 3255 (cf.
969 3174 1213 3253 Holtze,
1257 3174 1338 3253 H,
1381 3174 1550 3258 227).
1636 3173 1773 3240 Hoc
1813 3191 2013 3254 genus
2054 3175 2481 3255 paratacticae
2522 3194 2684 3259 quae

471 3287 702 3354 dicitur
763 3292 1124 3353 structurae
1191 3285 1474 3368 inprimis
1544 3285 1739 3353 verba
1808 3286 2171 3354 declarandi
2234 3295 2301 3355 et
2368 3290 2685 3356 sentiendi

472 3401 769 3492 efficiunt.
836 3401 1217 3484 Saepissime
1263 3400 1430 3466 enim
1471 3406 1543 3467 ut
1586 3401 1753 3484 apud
1785 3401 2077 3468 Plautum
2117 3402 2211 3467 ita
2253 3403 2420 3485 apud
2450 3403 2684 3470 Teren-

619 3636 672 3702 1)
711 3641 820 3690 sat.
857 3634 934 3689 ΙΙ.
972 3635 1024 3701 3,
1061 3635 1184 3690 289.
1221 3650 1304 3704 ep.
1345 3635 1391 3691 Ι.
1433 3636 1516 3701 18,
1553 3636 1640 3690 28.

617 3737 674 3806 2)
714 3753 798 3806 ep.
839 3735 884 3792 I.
927 3738 1013 3803 16,
1054 3736 1146 3792 47.

615 3840 672 3907 3)
709 3844 818 3895 sat.
854 3839 932 3895 ΙΙ.
973 3843 1020 3910 7,
1063 3841 1149 3896 ’12.

615 3942 673 4011 4)
714 3948 822 4000 sat.
859 3942 907 3999 Ι.
944 3945 994 4010 9,
1036 3945 1122 4001 12.
1185 3938 1191 3942 ’
2156 4013 2158 4015 ¹

613 4045 670 4112 5)
710 4051 818 4101 sat.
855 4046 900 4102 I.
939 4047 990 4116 4,
1031 4047 1153 4102 115.
1189 4047 1267 4103 11.
1305 4047 1356 4113 8,
1394 4048 1481 4104 65.
1519 4063 1608 4116 ep.
1644 4046 1723 4102 II.
1761 4047 1813 4116 3,
1849 4045 1972 4104 439.
2010 4047 2063 4105 1.
2095 4046 2177 4118 15,
2214 4047 2302 4103 40.

614 4148 672 4216 6)
708 4153 816 4203 sat.
853 4148 930 4205 11.
972 4150 1024 4216 2,
1059 4149 1146 4204 64.
1183 4166 1268 4221 ep.
1308 4150 1352 4206 1.
1393 4150 1441 4216 1,
1479 4150 1566 4205 59.

617 4254 671 4319 ’1)
710 4251 747 4306 l.
784 4251 821 4307 l.
857 4251 936 4307 II.
977 4252 1115 4307 1025
1154 4252 1280 4309 adn.

621 4353 678 4425 8)
718 4355 788 4409 cf.
825 4355 952 4411 adn.
989 4355 1062 4410 ad
1099 4355 1332 4426 Adelph.
1368 4373 1421 4413 v.
1459 4355 1594 4428 648,
1652 4357 1758 4435 qui·
1782 4357 2013 4415 similem
2060 4359 2294 4428 praebet
2330 4363 2687 4419 structuram.

614 4459 670 4531 9)
711 4459 782 4519 cf.
819 4461 992 4517 Andr.
1031 4460 1141 4521 220
1177 4477 1256 4531 sq.
1295 4463 1431 4521 Hec.
1473 4461 1576 4518 145
1611 4479 1725 4533 sqq.
1765 4441 1769 4446 ⁸
