3300 4984
1457 345 1871 417 -24-

721 521 866 596 Uno
903 529 1039 594 loco
1080 528 1390 596 enuntiati
1433 528 1625 597 soluti
1665 532 1803 596 vice
1843 531 2240 599 accusativus
2281 548 2425 598 cum
2463 529 2767 598 infinitivo

553 645 843 728 sequitur
883 644 1260 712 locutionem
1305 652 1398 722 ‚ut
1439 647 1713 729 opinor‘:

851 759 1118 842 Adelph.
1161 763 1302 828 648.
1348 762 1438 827 Ut
1470 763 1692 844 opinor
1735 781 1843 830 eas
1884 783 2008 829 non
2049 781 2234 830 nosse
2279 768 2365 845 te,
2410 769 2479 830 et
2514 769 2689 830 certo
2713 765 2765 848 ¹)

2406 879 2553 945 scio.

715 992 788 1057 In
830 991 1206 1057 comicorum
1249 989 1623 1074 fragmentis
1677 993 1875 1060 semel
1920 992 2309 1076 paratactice
2348 992 2620 1075 positum
2665 997 2765 1058 est

553 1104 814 1171 verbum
863 1104 1152 1187 ,opinor‘z
2342 1131 2346 1136 ·

878 1219 1074 1286 Naev.
1111 1222 1247 1285 129.
1293 1220 1468 1286 Haec
1505 1220 1757 1304 quidem
1786 1221 2017 1301 hercle,
2063 1221 2301 1304 opinor,
2341 1219 2617 1303 praefica
2644 1225 2761 1286 est.

713 1334 1080 1418 Complures
1134 1336 1268 1402 eius
1318 1335 1486 1402 modi
1538 1335 1707 1403 locos
1748 1337 2037 1418 Draeger
2093 1337 2173 1420 (ἓ.
2218 1338 2341 1402 369
2362 1387 2377 1418 ,
2419 1335 2487 1421 2)
2544 1335 2763 1412 attulit

549 1469 622 1515 ex
667 1449 982 1516 Ciceronis
1040 1449 1325 1532 scriptis,
1384 1467 1576 1516 unum
1632 1469 1710 1516 ex
1753 1450 2047 1517 Horatio:
2111 1469 2207 1532 ep.
2253 1450 2312 1528 Ῑ,
2377 1452 2487 1530 16,
2546 1452 2624 1515 78
2666 1468 2757 1532 sq.

547 1563 797 1644 Opinor,
847 1563 858 1644 Ι
906 1563 1040 1628 Hoc
1081 1563 1313 1630 sontit:
1361 1563 1648 1643 ,moriar‘.

709 1675 824 1742 Cui
866 1674 1152 1742 addimus
1192 1675 1350 1745 duos
1391 1677 1547 1743 alios
1589 1677 1758 1744 locos
1797 1677 2178 1744 Horatianos
2194 1727 2211 1744 .

875 1795 995 1857 sat.
1050 1789 1098 1869 Ι,
1153 1793 1226 1869 3,
1279 1793 1360 1856 53
1415 1808 1506 1872 sq.
1603 1789 1867 1873 Opinor,
1940 1790 1951 1878 Ι
2007 1790 2181 1857 Haec
2251 1810 2357 1857 res
2411 1795 2478 1856 et
2534 1791 2756 1872 iungit,

961 1904 1208 1971 iunctos
1253 1911 1319 1972 et
1360 1911 1575 1972 servat
1615 1905 1867 1971 amicos.

875 2038 971 2101 ep.
1015 2019 1108 2100 H,
1152 2022 1222 2101 2,
1271 2024 1366 2084 17.
1449 2020 1566 2090 Ille
1623 2021 1795 2087 ferat
1852 2020 2129 2102 pretium
2194 2039 2433 2102 poenae
2489 2037 2755 2087 securus

2300 2133 2539 2215 opinor.

703 2247 935 2314 Rarius
988 2266 1178 2331 quam
1219 2264 1329 2329 ea,
1389 2266 1551 2332 quae
1589 2249 1774 2316 modo
1816 2249 2321 2337 memoravimuS‚
2380 2249 2505 2316 alia
2561 2247 2755 2315 verba

541 2361 862 2430 sentiendi
902 2370 975 2429 ut
1017 2361 1182 2445 apud
1213 2362 1506 2428 Plautum
1546 2363 1639 2429 ita
1680 2363 1745 2428 in
1788 2363 2050 2429 Terenti
2088 2362 2317 2430 fabulis
2360 2369 2745 2430 structuram

534 2478 989 2558 paratacticam
1030 2475 1409 2544 admittuntt
1466 2477 1700 2559 ,Spero‘
1744 2476 1986 2545 duobus
2039 2477 2193 2544 locis
2251 2479 2580 2546 enuntiato
2622 2478 2748 2560 pri·

533 2592 732 2658 mario
772 2591 1209 2674 postponitur:
2702 2589 2705 2594 ’

864 2705 1060 2773 Andr.
1106 2708 1248 2771 314.
1291 2706 1548 2773 Interea
1586 2705 1700 2772 fiet
1739 2705 1995 2790 aliquid,
2040 2725 2244 2792 spero.

863 2820 1078 2886 Heaut
1117 2822 1259 2886 553.
1305 2819 1445 2886 Non
1486 2838 1638 2886 usus
1681 2821 1911 2901 veniet,
1952 2839 2140 2902 spero
2154 2821 2230 2902 ²).

693 2933 767 2998 In
827 2933 981 2998 Nov.
1043 2931 1229 3014 frgm.
1292 2935 1372 2998 61
1436 2932 1698 2999 verbum
1763 2937 1989 3015 ,spero‘
2059 2933 2388 3001 enuntiato
2443 2933 2742 3016 primario

527 3049 960 3129 anteponitur:
1023 3048 1239 3129 ,Spero
1279 3066 1416 3114 rem
1451 3047 1645 3114 facit‘.
1754 3049 2101 3117 Enuntiato
2141 3047 2516 3116 secundario
2557 3055 2742 3129 (tem-

526 3161 752 3244 porali)
795 3167 1017 3244 ‚spero‘
1063 3163 1502 3244 interpositum
1547 3169 1646 3228 est
1690 3161 1752 3228 in
1799 3162 2065 3245 Adelph.
2103 3183 2161 3229 v.
2205 3166 2365 3231 226:

691 3274 814 3342 Ubi
856 3274 1026 3341 illinc
1070 3294 1256 3357 spero
1299 3274 1565 3342 redieris
1607 3283 1841 3358 tamen,
1884 3277 2001 3342 hoc
2044 3296 2215 3360 ages.
2301 3277 2495 3357 (Nihil
2538 3276 2741 3344 refert

527 3390 606 3455 ad
660 3391 986 3472 parataxis
1045 3409 1227 3456 usum
1246 3442 1261 3469 ‚
1326 3398 1538 3457 utrum
1596 3390 1893 3473 Spengeli
1973 3390 2288 3472 ,redieris,
2365 3394 2597 3456 tamen‘
2657 3409 2738 3454 an

526 3504 927 3571 Dziatzkonis
951 3503 1235 3584 ,redieris
1258 3508 1510 3585 tamen‘‚
1533 3504 2001 3585 interpretandi
2021 3501 2331 3571 rationem
2348 3515 2736 3588 sequamur).

691 3619 844 3685 Post
878 3619 1138 3687 Terenti
1193 3625 1474 3686 aetatem
1530 3621 1986 3702 paratacticam
2029 3619 2205 3686 verbi
2265 3622 2488 3701 ,spero‘
2532 3626 2734 3685 struc-

522 3743 732 3801 turam
775 3753 922 3800 raro
967 3740 1216 3801 exstare
1257 3735 1546 3816 Draeger
1609 3733 1673 3816 (ἓ
1714 3736 1867 3811 369,
1914 3735 1979 3815 8)
2024 3733 2505 3815 animadvertit3
2567 3732 2735 3815 apud

521 3849 884 3916 Ciceronem
943 3853 1165 3930 ‚spero‘
1223 3867 1346 3914 non
1403 3849 1676 3930 positum
1734 3867 1874 3914 esse
1942 3848 2064 3913 nisi
2120 3847 2369 3914 adiecta
2424 3847 2736 3929 particula

664 4111 714 4176 1)
756 4111 827 4168 cf.
864 4111 1128 4182 Spengeli
1165 4111 1292 4167 adn.
1340 4113 1413 4166 ad
1450 4111 1502 4167 h.
1541 4111 1575 4165 1.
1597 4153 1610 4179 ,
1665 4110 1759 4178 qui
1796 4109 2105 4167 simillimus
2156 4114 2244 4164 est
2279 4108 2495 4164 Phorm.
2536 4124 2587 4164 v.
2624 4107 2727 4162 481

518 4228 684 4282 supra
725 4215 878 4284 (pag.
921 4215 1013 4280 11)
1051 4213 1232 4269 allati.

659 4316 716 4383 2)
755 4315 826 4370 cf.
865 4317 990 4370 Eun
1045 4316 1168 4370 295.
1245 4315 1372 4372 Una
1424 4315 1564 4372 haec
1613 4331 1742 4385 spes
1788 4322 1906 4372 est:
1966 4315 2063 4372 ubi
2111 4314 2208 4370 ubi
2253 4320 2366 4378 est,
2418 4314 2513 4370 diu
2561 4311 2731 4369 celari

514 4434 623 4478 non
658 4424 861 4490 potest.
