3300 4984
1449 343 1905 423 -1οο-,-

897 522 1132 588 Heaut.
1175 521 1316 588 641.
1365 519 1622 600 Quidvis
1666 521 1823 586 satis
1866 526 1985 600 est,
2032 519 2180 585 dum
2222 518 2395 585 vivat
2436 517 2635 586 modo,

844 647 855 656 ·
898 635 1167 717 Adelph.
1213 638 1352 701 313.
1441 635 1609 702 Satis
1654 633 1807 700 mihi
1859 633 1921 700 id
1965 632 2230 700 habeam
2276 633 2561 715 supplici,
2633 632 2782 699 dum

1793 749 1933 815 illos
1975 748 2247 838 ulciscar
2286 746 2471 813 modo
2497 749 2569 830 1).

899 865 1150 931 Phorm.
1199 867 1298 931 59.
1343 863 1534 944 Scies,
1573 863 1585 947 1
1620 862 1807 929 Modo
1851 869 1925 931 ut
1966 867 2179 930 tacere
2229 862 2449 944 possis.

731 983 825 1046 Ex
886 980 1004 1046 hoc
1061 998 1180 1046 usu
1237 978 1457 1061 ,modo‘
1516 977 1867 1060 particulae
1926 996 2069 1044 eum
2126 976 2377 1044 demum
2432 976 2786 1060 profectum

569 1115 709 1162 esse
753 1095 1209 1175 existimamus,
1253 1099 1327 1160 ut
1369 1092 1656 1160 absolute
1700 1092 2149 1159 coniunctionis
2190 1091 2325 1158 loco
2368 1099 2731 1174 poneretur.

734 1207 919 1292 Apud
960 1208 1293 1274 Horatium
1338 1211 1608 1289 ,tantum
1650 1206 1857 1273 modo‘
1914 1205 2305 1272 conjunctivo
2361 1203 2537 1270 verbi
2596 1223 2786 1287 appo-

567 1326 758 1405 nitur,
796 1327 878 1390 ‘ut
912 1322 1082 1389 idem
1121 1322 1337 1388 valere
1379 1319 1690 1398 videatur,
1734 1319 1901 1400 quod
1942 1320 2253 1401 particula
2296 1318 2698 1400 ,dummodo‘:

900 1441 1020 1502 sat.
1079 1436 1131 1515 I,
1188 1438 1248 1516 9,
1301 1437 1385 1499 54
1441 1451 1532 1516 sq.
1605 1433 1782 1500 Velis
1852 1436 2102 1501 tantum
2164 1433 2379 1499 modo:
2449 1452 2611 1515 quae
2674 1437 2787 1500 tua

2352 1548 2573 1629 virtus,

987 1662 1426 1748 Expugnabis3
1472 1711 1489 1730 .
1535 1717 1548 1731 .
1594 1712 1611 1731 .
1658 1713 1672 1729 .

733 1781 1060 1848 Postremo
1104 1797 1180 1844 ea
1223 1777 1510 1859 exempla
1550 1777 1908 1853 afferamuS,
1977 1775 2085 1842 ubi
2144 1777 2486 1858 enuntiat0,
2556 1778 2621 1842 in
2663 1797 2788 1861 quo

563 1909 791 1964 'sensus
833 1891 1270 1961 condicionalis
1309 1892 1494 1972 inest,
1538 1889 1907 1956 vocabulum
1951 1889 2226 1972 ,absque‘
2248 1890 2300 1970 2)
2346 1889 2629 1957 additum
2653 1897 2786 1960 est:

905 2007 1152 2072 Phorm.
1201 2007 1318 2070 188
1361 2021 1452 2086 sq.
1495 2004 1677 2084 Nam,
1722 2002 1959 2086 absque
2000 2022 2077 2070 eo
2120 2008 2310 2084 esset,
2476 1983 2478 1986 Α

985 2120 1184 2185 Recte
1252 2136 1368 2200 ego
1427 2117 1579 2184 mihi
1642 2117 1938 2184 vidissem
2002 2122 2097 2183 et·
2130 2119 2300 2184 senis
2364 2136 2570 2184 essem
2613 2119 2786 2186 ultus

1277 2247 1280 2256 ·
2164 2231 2572 2298 iracundiam.

903 2348 1055 2414 Hec.
1095 2349 1240 2413 601.
1285 2347 1486 2426 Quam
1530 2344 1892 2412 fortunatus
1936 2343 2167 2410 ceteris
2208 2363 2349 2411 sum
2389 2344 2600 2425 rebus,
2647 2345 2784 2413 abs-

1899 2478 2021 2542 que
2064 2466 2191 2524 una
2232 2460 2351 2525 hac
2389 2459 2574 2527 foret.

567 2580 641 2643 In
683 2573 782 2642 his
834 2576 1074 2642 duobus
1133 2575 1436 2658 exemplis
1488 2573 1839 2657 particulae
1896 2572 2339 2640 condicionalis
2396 2575 2530 2640 loco
2583 2575 2790 2656 posita

568 2690 822 2756 videtur
863 2689 1245 2772 praepositio
1293 2688 1605 2771 ,absque‘3
1652 2687 1765 2753 sed
1795 2705 1934 2754 eam
1964 2688 2462 2754 coniunctionem
2492 2707 2617 2755 non
2648 2707 2789 2756 esse

571 2825 648 2871 ex
691 2805 826 2871 eius
869 2804 1120 2870 notione
1164 2805 1391 2870 elucet.
1478 2803 1941 2869 Paratacticam
1985 2803 2183 2885 igitur
2224 2807 2612 2871 structuram
2631 2805 2788 2874 haec

571 2919 859 2999 exempla
921 2916 1227 3000 praebere
1289 2935 1404 2984 suo
1466 2918 1604 2982 iure
1675 2917 1903 2983 Holtze
1969 2917 2059 3000 (Π
2078 2969 2092 2998 ,
2167 2917 2311 3000 155)
2376 2923 2442 2984 et
2503 2915 2790 3002 Draeger

565 3035 651 3116 (ξ.
699 3034 838 3114 373,
883 3035 950 3112 2)
992 3033 1371 3098 retulerunt.
1460 3033 1670 3114 Atque
1711 3030 2069 3099 addendum
2108 3038 2225 3114 est,
2272 3033 2439 3100 hunc
2468 3035 2791 3116 parataxis

568 3163 753 3214 usum
794 3146 914 3212 nisi
959 3146 1126 3228 apud
1168 3147 1464 3219 Plautum
1507 3147 1998 3231 Terentiumque
2040 3165 2164 3213 non
2207 3148 2492 3215 inveniri.

738 3260 833 3327 Ab
876 3261 1218 3328 enuntiatis
1259 3245 1784 3328 condicionalibus
1840 3262 2094 3328 minime
2149 3261 2405 3328 differre
2463 3265 2791 3331 enuntiata

572 3376 935 3443 concessiva
975 3394 1158 3442 nemo
1200 3364 1490 3458 ignorat(
1554 3376 1887 3442 Parataxis
1934 3376 2131 3458 igitur
2182 3374 2439 3458 formae,
2504 3397 2667 3460 quae
2722 3379 2789 3444 in

569 3487 904 3558 sententiis
944 3491 1303 3556 concessiva
1345 3490 1589 3555 ratione
1631 3489 2112 3569 cohaerentibus
2142 3496 2497 3572 occurrunt,
2538 3492 2791 3558 illarum

571 3602 808 3671 similes
849 3609 1034 3699 sunt„
1059 3620 1218 3685 quas
1259 3620 1454 3684 supra
1493 3603 1560 3667 in
1602 3602 1945 3669 enuntiatis
1988 3602 2513 3670 condicionalibus
2552 3605 2790 3672 inveni-

573 3736 732 3785 mus.
818 3718 1240 3799 Imperativus
1279 3717 1589 3784 enuntiati
1632 3717 1973 3783 concessivi
2015 3716 2151 3784 loco
2192 3719 2432 3800 positus
2475 3724 2607 3786 est:

711 3895 774 3964 1)
809 3895 974 3949 Hunc
1011 3909 1247 3960 versum,
1311 3909 1433 3949 cum
1486 3897 1664 3949 metro
1715 3911 1781 3949 ac
1833 3893 1991 3950 sonui
2038 3900 2341 3965 repugnet,
2404 3911 2525 3951 cum
2572 3897 2792 3968 Guyeto

573 3997 1029 4069 proscribendum
1072 4013 1190 4053 esse
1228 3996 1505 4052 Dziatzko
1549 3996 1823 4066 affirmat3
1862 3997 2105 4067 Spengel
2141 4013 2265 4053 eum
2303 3997 2583 4062 defendit;
2620 4001 2790 4074 vulgo

572 4103 704 4159 inde
744 4099 792 4158 a'
817 4101 1017 4157 Bothio
1057 4101 1209 4184 ‚meo‘
1248 4107 1380 4157 ante
1419 4101 1609 4172 ‚modo‘
1649 4101 1893 4157 additur.

717 4207 774 4274 2)
810 4205 894 4260 De
950 4204 1056 4260 hac
1108 4203 1522 4275 praepositione
1578 4205 1648 4258 cf.
1706 4205 1909 4259 Holtze
1964 4203 2009 4275 I,
2064 4201 2199 4274 3443
2263 4205 2507 4278 Kiihner‚
2544 4207 2620 4278 ΙΙ,
2667 4209 2789 4264 372.

577 4309 810 4380 Jordan,
878 4307 1028 4364 Krit.
1079 4307 1253 4364 Beitr.
1305 4327 1353 4366 z.
1401 4307 1733 4368 Geschichte
1784 4308 1881 4368 der
1927 4308 2032 4369 lat.
2081 4307 2322 4382 Sprache
2378 4310 2591 4380 (Berlin
2630 4311 2791 4387 1879)

575 4427 631 4492 p.
669 4411 776 4470 308
812 4426 928 4489 sqq.
