3300 4984
1413 369 1661 437 —-73
1744 405 1829 418 ..-

514 554 880 634 primarium
925 551 1233 617 enuntiati
1291 551 1673 615 consecutivi
1730 548 1866 614 vice
1922 546 2226 641 fungitur,
2298 553 2372 613 ut
2412 547 2733 628 parataxis

515 665 828 748 quaedam
870 662 1270 731 consecutiva
1311 661 1642 728 efficiatur.
1730 660 1851 727 Ubi
1890 667 2106 727 autem
2132 660 2279 726 illae
2322 679 2525 742 voces,
2571 679 2733 744 quae

519 778 832 859 dicuntur,
876 777 1409 844 demonstrativae
1453 775 1787 859 posteriori
1830 775 2158 841 enuntiato
2201 773 2487 841 adiectae
2530 773 2610 839 ad
2639 792 2733 856 ea,

521 910 683 974 quae
725 891 1128 971 antecedunt,
1173 889 1514 972 pertinent,
1570 888 1689 954 hoc
1736 889 2011 954 alterum
2069 889 2462 954 enuntiatum
2505 889 2736 970 prima-

520 1006 684 1070 rium
741 1023 1000 1072 causam
1055 1003 1336 1070 continet
1391 1008 1458 1069 et
1514 1002 1826 1069 enuntiati
1876 1003 2145 1069 causalis
2197 1003 2334 1069 loco
2390 1001 2738 1069 adhibitum

523 1126 640 1186 est.
727 1118 986 1184 Minime
1028 1119 1224 1200 igitur
1263 1118 1434 1183 inter
1477 1137 1546 1183 se
1587 1115 1843 1183 differre
1887 1123 2375 1185 consentaneum
2420 1123 2521 1184 est
2555 1135 2739 1200 para-

523 1233 697 1298 taxin
739 1233 1204 1298 consecutivam
1249 1236 1315 1297 et
1358 1221 1693 1310 causalem,
1756 1249 1960 1312 neque
2016 1231 2345 1312 quisquam
2389 1229 2738 1310 mirabitur,

525 1363 652 1411 una
694 1345 850 1412 haec
891 1345 1214 1428 parataxis
1255 1361 1496 1425 genera
1544 1350 1825 1410 tractare
1880 1363 1993 1410 nos
2048 1342 2369 1410 statuisse.
2457 1343 2579 1410 Sed
2620 1343 2739 1409 ite-

525 1479 667 1526 rum
709 1459 1087 1526 monendum
1145 1478 1284 1526 esse
1338 1465 1491 1541 puto
1507 1510 1522 1541 ,
1588 1458 1765 1524 nobis
1818 1477 2191 1541 persuasum
2246 1476 2388 1525 esse
2433 1475 2741 1541 nusquam

527 1573 628 1640 de·
651 1575 908 1640 consilio
951 1593 990 1639 a
1031 1578 1219 1656 poeta
1261 1572 1572 1638 enuntiati
1614 1571 1970 1638 secundarii
2014 1573 2151 1638 loco
2178 1572 2572 1638 enuntiatum
2616 1571 2742 1653 pri-

529 1688 797 1755 marium
839 1688 1115 1770 positum
1161 1705 1320 1770 esse,
1363 1688 1553 1752 immo
1595 1705 1739 1753 cum
1786 1687 2034 1768 linguae
2056 1686 2325 1753 cuiusvis
2346 1685 2579 1767 ingenii
2608 1691 2745 1750 tum

528 1801 866 1880 sermonis,
931 1817 1121 1884 quem
1165 1806 1356 1882 poeta
1398 1801 1671 1866 comicus
1710 1800 2015 1881 imitetur,
2088 1799 2383 1866 cotidiani
2422 1800 2747 1880 proprium

533 1931 672 1982 esse
717 1915 1064 1995 enuntiata,
1108 1933 1270 1997 quae
1293 1915 1540 1981 ratione
1563 1914 1801 1980 causali
1820 1913 2180 1993 cohaerent,
2223 1931 2347 1978 non
2367 1912 2747 1993 subiungere

531 2031 805 2096 alterum
851 2028 1060 2110 alteri,
1131 2029 1246 2095 sed
1285 2029 1462 2095 iuxta
1507 2047 1580 2096 se
1624 2024 2011 2112 paratactice
2054 2045 2306 2110 ponere,
2371 2026 2748 2110 praesertim

533 2163 674 2210 cum
727 2143 1166 2210 difficillimum
1219 2162 1411 2227 saepe
1467 2144 1761 2212 videatur
1811 2144 2191 2222 discernere,
2264 2147 2477 2209 utrum
2534 2140 2751 2208 eorum

537 2258 789 2324 maioris
831 2257 917 2324 sit
956 2259 1275 2324 momenti.

702 2371 914 2438 Primo
955 2372 1090 2438 loco
1144 2371 1593 2463 Weissenborn
1649 2389 1730 2436 ex
1784 2371 2009 2437 Plauto
2066 2389 2143 2435 ea
2199 2371 2487 2453 exempla
2536 2370 2754 2437 attulit

538 2487 626 2570 (p.
675 2488 796 2570 14),
841 2505 1004 2568 quae
1047 2487 1360 2568 particula
1391 2487 1520 2567 ,ita‘
1565 2485 1985 2552 antecedente
2024 2503 2217 2550 verae
2253 2485 2577 2567 parataxis
2614 2503 2755 2566 spe·

537 2600 698 2667 ciem
739 2619 894 2682 prae
936 2619 1006 2666 se
1051 2600 1220 2666 ferre
1263 2601 1325 2666 ei
1365 2600 1761 2667 videbantur.
1846 2599 2145 2666 Eiusdem
2176 2600 2427 2682 generis
2472 2599 2759 2681 exempla

537 2715 697 2780 haee
739 2715 806 2780 in
847 2715 1106 2782 Terenti
1147 2715 1378 2782 fabulis
1417 2717 1860 2782 inveniuntur:

575 2830 579 2834 ’
877 2831 1036 2897 Eun.
1083 2833 1183 2897 97.
1229 2829 1352 2898 Sed
1392 2831 1488 2896 ita
1530 2836 1672 2922 erat
1713 2849 1837 2910 ree,
1883 2829 2246 2896 faciundum
2288 2829 2427 2896 fuit.

874 2943 1128 3010 Phorm.
1179 2947 1314 3011 172.
1399 2943 1500 3010 Ita
1565 2943 1849 3025 plerique
1920 2959 2138 3009 omnes
2200 2920 2416 3009 sumus
2475 2943 2763 3025 ingenio:

1722 3058 1923 3124 nostri
1963 3063 2211 3124 nosmet
2252 3058 2551 3139 paenitet.

879 3172 1145 3255 Adelph.
1195 3173 1314 3238 143
1357 3191 1450 3254 sq.
1493 3171 1658 3237 Nam
1699 3172 1857 3238 itast
1899 3171 2113 3238 homo:

968 3287 1169 3366 Quom
1209 3287 1408 3370 placo,
1452 3285 1755 3352 advorsor
1798 3284 2019 3352 sedulo
2066 3290 2135 3350 et
2174 3285 2488 3366 deterreo,

969 3402 1206 3468 Tamen
1249 3402 1352 3467 vix
1395 3402 1667 3467 humane
1711 3401 1955 3483 patitur
1986 3399 2065 3484 1);
2116 3453 2127 3466 .
2176 3452 2189 3466 .
2238 3451 2249 3464 .

927 3565 958 3600 ,,
1177 3517 1300 3581 839
1343 3534 1434 3598 sq.
1493 3515 1749 3582 Scilicet
1807 3515 1901 3581 ita
1958 3520 2207 3597 tempus
2262 3514 2420 3580 fert:
2460 3513 2469 3598 Ι
2506 3515 2768 3580 Faciun-

2324 3627 2557 3694 dumst.

720 3743 890 3824 (Non
929 3743 1052 3810 huc
1096 3744 1378 3827 pertinet

887 3857 1082 3924 Andr.
1125 3861 1250 3924 459
1291 3877 1382 3940 sq.
1443 3859 1545 3925 Ita
1591 3859 1699 3941 pol
1756 3857 2007 3940 quidem
2060 3876 2165 3923 res
2217 3863 2347 3939 est,
2420 3862 2494 3922 ut
2539 3855 2778 3936 dixisti,

2297 3969 2561 4036 Lesbia:

978 4083 1261 4152 Fidelem
1302 4083 1476 4151 haud
1519 4083 1721 4150 ferme
1766 4084 2014 4150 mulieri
2062 4083 2344 4150 invenias
2386 4083 2607 4150 virum.
2694 4141 2699 4145 ,

708 4332 760 4399 1)
801 4332 1063 4403 Spengeli
1099 4337 1160 4388 et
1195 4329 1560 4387 Dziatzkom's
1595 4329 1657 4386 in
1692 4329 1793 4385 hoc
1828 4330 1949 4386 loco
1986 4329 2313 4400 explicando
2348 4328 2555 4386 rationi
2593 4345 2781 4388 assen-

563 4432 812 4492 tiendum
851 4449 971 4490 esse
1008 4449 1332 4512 persuasum
1371 4433 1656 4490 habemus.
