3300 4984
1445 379 1859 443 ...43....

814 651 819 655 ι
887 561 1099 644 Pomp.
1141 563 1296 628 Bon.
1344 565 1445 628 92.
1532 561 1901 627 Evannetur
1957 564 2025 626 et
2080 577 2223 625 mea
2276 576 2470 642 opera
2522 553 2599 625 ut
2652 555 2765 624 fiat

2111 672 2321 740 fecero
2363 674 2553 740 ocius.
2667 670 2675 677 ’

715 789 1037 871 Exemplis
1078 789 1362 856 omnibus
1404 808 1565 872 quae
1604 790 1730 855 huc
1768 789 2109 872 pertinent,
2154 787 2469 877 congestis
2512 805 2765 853 monen-

554 903 703 969 dum
747 910 864 983 est,
930 903 1392 970 coniunctivum
1439 903 1715 972 solutum
1773 902 1891 968 nisi
1944 903 2301 984 imperativi
2352 901 2567 968 formis
2624 880 2767 985 (fac,

550 1016 763 1100 facito,
805 1017 1023 1100 facite)
1079 1037 1201 1084 non
1258 1017 1563 1084 accedere
1620 1019 1912 1098 (excepto
1966 1035 2153 1082 versu
2207 1035 2282 1081 ex
2339 1016 2526 1082 Titin.
2582 1013 2767 1097 frgm.

554 1130 749 1196 allato
765 1182 782 1214 ,
842 1149 1029 1214 quem
1069 1130 1295 1196 falsum
1339 1149 1478 1197 esse
1521 1130 1918 1215 statuimus),
1985 1150 2062 1195 ex
2124 1129 2264 1196 aliis
2329 1128 2507 1195 verbi
2572 1126 2769 1210 ,facio‘

554 1243 773 1315 formis
821 1245 1219 1315 enuntiatum
1263 1245 1698 1313 coniunctione
1741 1249 1850 1325 ,ut‘
1894 1263 2196 1312 conexum
2239 1243 2535 1326 pendere.

723 1360 1010 1442 Denique
1052 1359 1392 1426 afferamus
1433 1378 1559 1425 uno
1613 1361 1751 1426 loco
1792 1360 2172 1425 Terentiano
2216 1377 2357 1424 cum
2398 1357 2771 1439 imperativo

559 1471 696 1553 ,fac‘
738 1472 1012 1539 alterum
1054 1473 1496 1556 imperativum
1538 1473 1936 1540 coniunctum
1980 1491 2147 1538 esse:
2196 1503 2201 1508 ·

890 1587 1154 1671 Adelph.
1197 1591 1340 1656 942.
1387 1589 1534 1670 Fac,
1578 1589 1899 1671 promitte.

558 1699 682 1767 Sed
725 1701 826 1767 hic
867 1701 1042 1768 locus
1085 1702 1166 1768 ad
1211 1702 1381 1768 idem
1434 1721 1633 1784 genus
1689 1702 2009 1785 parataxis
2051 1701 2337 1768 revocari
2374 1717 2498 1767 non
2540 1699 2773 1780 potest,

557 1833 702 1882 cum
769 1815 1142 1897 imperativo
1220 1815 1422 1882 altero
1496 1834 1618 1882 non
1694 1815 2009 1883 obiectum
2071 1815 2297 1896 prioris
2356 1814 2773 1880 contineatur.

558 1935 756 2000 Immo
815 1939 1033 2000 mente
1093 1933 1513 2015 supplendum
1578 1939 1678 2000 est
1740 1931 1820 1997 ad
1883 1933 2319 2014 imperativum
2386 1930 2523 2010 ,fac‘
2590 1926 2777 2010 ,quod

556 2055 850 2132 oramus‘‚
893 2050 961 2116 id
1005 2056 1122 2132 est,
1166 2051 1485 2132 ‚promitte
1527 2056 1595 2116 te
1638 2050 1976 2117 ducturum
2031 2065 2170 2122 esse
2228 2064 2487 2115 uxorem
2532 2047 2777 2113 Sostra-

559 2167 732 2231 tama
820 2166 992 2232 Duos
1030 2165 1436 2249 imperativos
1478 2185 1594 2248 per
1636 2164 1985 2248 asyndeton
2027 2163 2193 2247 poni,
2240 2169 2315 2230 ut
2354 2162 2653 2229 brevitati
2680 2166 2777 2227 at-

561 2298 684 2362 que
726 2278 934 2346 robori
975 2282 1280 2346 sermonis
1327 2280 1711 2360 consulatur,
1753 2279 2007 2360 linguae
2048 2278 2246 2345 latine
2269 2277 2592 2360 proprium
2636 2293 2775 2342 esse

565 2395 850 2475 Draeger
891 2394 970 2477 (§.
1015 2397 1155 2473 311,
1205 2398 1308 2472 17)
1353 2393 1648 2460 affirmat.

727 2507 1067 2588 Hucusque
1111 2526 1188 2572 ea
1227 2507 1548 2589 parataxis
1589 2525 1827 2587 genera
1868 2489 2404 2586 investigavimus
2449 2522 2609 2587 quae
2640 2522 2781 2568 ver-

561 2621 658 2689 bis
703 2619 1075 2704 quibusdam
1128 2620 1510 2700 efficiuntur,
1553 2619 1661 2686 ubi
1686 2621 2100 2700 enuntiatum,
2145 2617 2310 2700 quod
2341 2617 2589 2699 dicitur,
2635 2615 2781 2682 sub-

563 2735 908 2802 stantivum
951 2735 1280 2813 enuntiato
1325 2733 1620 2814 primario
1676 2750 2043 2814 expressum
2086 2737 2203 2798 est.
2288 2733 2518 2796 Restat
2557 2736 2631 2796 ut
2670 2729 2781 2794 illa

566 2849 852 2929 exempla
893 2848 1248 2928 afferamuS,
1292 2848 1358 2912 in
1398 2846 1621 2930 quibus
1649 2864 1992 2928 pronomen
2015 2844 2578 2913 demonstrativum
2624 2844 2777 2924 ‚hoc‘

565 2962 976 3044 antecedens,
1041 2967 1113 3030 ut
1155 2963 1402 3028 animus
1443 2961 1644 3042 magis
1687 2961 1814 3026 iam
1880 2959 1959 3025 ad
2019 2978 2116 3038 ea,
2185 2976 2347 3041 quae
2408 2963 2777 3040 sequantur,

567 3075 894 3172 dirigatur,
959 3077 1163 3158 ipsum
1175 3075 1228 3158 1)
1291 3074 1692 3140 enuntiatum
1747 3072 2209 3139 substantivum
2250 3071 2538 3153 requirit,
2607 3071 2782 3136 cuius

564 3175 702 3257 loco
745 3189 1142 3255 enuntiatum
1183 3188 1551 3271 primarium
1579 3187 1855 3270 ponitur.
1944 3187 2081 3252 Duo
2108 3185 2293 3263 huius
2322 3203 2474 3251 usus
2498 3184 2785 3266 exempla

567 3323 607 3370 a
651 3304 978 3386 Draegero
1024 3303 1101 3387 (ξ.
1149 3305 1289 3385 369,
1339 3302 1443 3386 17)
1491 3301 1687 3368 allata
1727 3305 1911 3366 sunt:

899 3418 1058 3484 Eun.
1106 3421 1225 3484 971
1269 3435 1362 3499 sq.
1435 3416 1532 3482 Ex
1596 3433 1737 3480 meo
1799 3413 2147 3497 propinquo
2208 3428 2361 3478 rure
2425 3411 2543 3477 hoc
2607 3409 2785 3490 capio

2235 3523 2573 3592 commodi:

990 3645 1212 3726 Neque
1254 3644 1394 3734 agri
1434 3661 1640 3726 neque
1690 3640 1864 3708 urbis
1906 3641 2118 3710 odium
2160 3659 2261 3706 me
2304 3656 2598 3722 umquam
2643 3656 2786 3720 per·
2916 3714 2923 3718 ,

2398 3753 2453 3820 ci
2497 3755 2567 3819 it.

736 3876 1014 3962 (Obiecti
1051 3874 1190 3942 vice
1231 3874 1516 3956 fungitur
1561 3870 1961 3938 enuntiatum
2002 3866 2301 3958 alterum)
2453 3773 2496 3836 p

906 3989 1174 4072 Adelph.
1219 3991 1342 4054 346
1383 4007 1475 4070 sq.
1518 3986 1654 4053 Hoc
1693 3986 2089 4051 relicuomst:

995 4107 1060 4174 Si
1102 4107 1333 4173 infitias
1389 4104 1524 4186 ibit,
1591 4104 1778 4170 testis
1840 4119 2087 4168 mecum
2148 4106 2248 4167 est
2306 4099 2535 4166 anulus
2598 4116 2788 4182 quem

2255 4214 2573 4280 amiserat.

722 4365 776 4432 1)
813 4365 924 4419 Eos
961 4365 1110 4419 locos
1147 4361 1244 4419 ubi
1278 4375 1578 4430 pronomen
1615 4346 2115 4414 demonstrativum
2167 4353 2239 4410 ad
2288 4353 2459 4409 verba
2497 4349 2789 4421 sentiendi,

582 4465 922 4535 declarandi,
959 4463 1154 4522 orandi
1191 4461 1427 4532 accedit,
1459 4463 1523 4518 'in
1561 4459 1799 4532 singulis
1839 4458 2024 4517 verbis
2062 4455 2387 4514 enarrandis
2420 4452 2716 4526 posuimus.
