3300 4984
1381 373 1837 437 4109.-

837 547 994 615 Eun.
1023 550 1163 624 ,492
1204 567 1298 630 sq.
1340 547 1474 615 Hos
1519 547 1697 629 prius
1738 548 1908 614 intro
1950 546 2175 616 ducam
2216 552 2284 614 et
2328 565 2491 630 quae
2533 545 2675 613 volo

925 664 1120 728 Simul
1159 663 1514 746 imperabo:
1569 667 1719 746 post
1754 663 1877 729 huc
1921 664 2211 730 continuo
2255 681 2427 729 exeo.

836 793 1103 876 Adelph.
1152 798 1294 860 757.
1337 795 1474 877 Ego
1513 793 1629 861 hos
1673 795 2001 861 convenio:
2046 799 2190 877 post
2230 796 2354 861 huo
2397 791 2609 860 redeo.

838 929 1071 998 Heaut.
1116 932 1240 996 273
1281 949 1375 1012 sq.
1421 930 1638 996 Mane:
1683 931 1802 997 hoo
1844 931 2010 1014 quod
2034 930 2213 1013 coepi
2240 929 2513 1013 primum
2543 946 2726 994 enar-

2002 1061 2166 1126 rem5
2204 1043 2509 1126 Clitipho:

926 1159 1082 1227 Post
1119 1160 1284 1227 istuc
1329 1159 1597 1226 veniam.

839 1293 994 1359 Heo.
1040 1293 1164 1358 700
1203 1311 1295 1376 sq.
1339 1293 1618 1359 Puerum
1661 1291 1961 1376 accipias3
2006 1311 2153 1358 nam
2193 1293 2248 1358 is
2290 1291 2542 1375 quidem

927 1408 1002 1472 In
1044 1409 1228 1490 culpa
1267 1425 1392 1473 non
1435 1411 1568 1474 est:
1615 1412 1762 1490 post
1803 1407 1884 1474 de
1926 1413 2135 1474 matre
2178 1406 2413 1474 videro.

671 1547 874 1612 Priori
917 1546 1386 1612 enuntiatorum
1431 1543 1729 1628 duorum,
1774 1547 1839 1611 in
1883 1544 2108 1628 quibus
2145 1545 2332 1612 simul
2373 1545 2537 1610 ratio
2579 1561 2724 1610 oau-

507 1660 657 1726 salis
699 1660 907 1726 inesse
951 1658 1222 1740 videtur,
1265 1659 1579 1741 particula
1621 1659 1987 1741 temporalis
2029 1660 2363 1726 inseritur:

837 1797 998 1863 Eun.
1041 1797 1200 1878 prol.
1247 1799 1347 1862 15.
1432 1794 1786 1864 Defunctus
1845 1798 1972 1863 iam
2026 1815 2187 1876 sum,
2257 1795 2349 1861 nil
2402 1800 2504 1862 est
2558 1794 2727 1878 quod

2142 1909 2313 1976 dieat
2354 1908 2527 1976 mihi.

841 2045 1035 2113 Andr.
1079 2049 1224 2113 446.
1265 2046 1447 2113 Nunc
1488 2064 1685 2112 uxore
1726 2064 1885 2127 opus
1929 2050 2061 2114 est:
2134 2045 2411 2112 animum
2453 2045 2537 2110 ad
2575 2063 2724 2114 uxo-

1988 2178 2123 2226 rem
2168 2158 2417 2242 adpulit
2434 2157 2512 2242 1).

510 2297 714 2366 Huius
757 2297 978 2364 similis
1020 2299 1195 2364 locus
1238 2303 1448 2365 exstat
1486 2299 1552 2364 in
1595 2298 1784 2364 Titin.
1827 2297 2011 2380 frgm.
2057 2299 2209 2364 153:

931 2412 1112 2479 Nunc
1155 2414 1291 2478 eius
1333 2413 1466 2480 voti
1507 2411 2007 2491 condemnatust,
2048 2410 2398 2477 immolavit
2436 2408 2727 2476 hostiam.

677 2544 1003 2611 Postremo
1047 2544 1240 2610 etiam
1281 2544 1610 2627 particulis
1655 2545 1849 2610 certis
1890 2543 2137 2610 omissis
2180 2542 2511 2608 enuntiata
2550 2541 2729 2607 iuxta

508 2679 579 2726 se
622 2662 768 2742 poni
809 2678 1389 2742 commemoramus,
1432 2679 1593 2743 quae
1636 2660 1886 2727 ratione
1927 2658 2264 2741 temporali
2308 2656 2727 2724 continentur.

838 2800 998 2864 Eun.
1045 2801 1166 2865 165
1206 2817 1340 2882 sqq.
1424 2798 1646 2863 Nonne
1708 2797 1817 2864 ubi
1881 2797 1967 2861 mi
2024 2795 2181 2862 dixti
2247 2813 2479 2877 cupere
2541 2799 2609 2860 te
2652 2812 2729 2861 ex

2183 2910 2520 2992 Aethiopia

930 3025 1326 3107 Ancillulam,
1377 3015 1618 3092 relictis
1659 3044 1853 3108 repus
1895 3024 2183 3092 omnibus

933 3141 1269 3219 Quaesivi?
1309 3159 1498 3222 porro
1542 3140 1900 3205 eunuchum
1942 3139 2101 3205 dixti
2140 3138 2306 3204 velle
2351 3144 2438 3216 te,

933 3255 1093 3334 Quia
1133 3255 1306 3321 solae
1348 3259 1612 3320 utantur
1654 3253 1753 3319 his
1794 3254 2085 3336 reginae:
2126 3253 2383 3334 repperi
2424 3305 2437 3318 .
2484 3299 2502 3318 .
2546 3303 2561 3317 .

512 3393 648 3459 Hoo
689 3393 828 3462 loco
868 3393 1331 3459 sententiarum
1374 3392 1499 3457 vim
1541 3390 1816 3473 positam
1862 3409 2002 3456 esse
2043 3390 2111 3454 in
2152 3390 2361 3456 verbis
2403 3389 2729 3473 ,quaesivi‚

513 3507 786 3589 repperi‘
830 3512 1121 3588 apertum
1167 3511 1296 3586 est3
1340 3524 1487 3571 nam
1529 3504 1847 3570 Phaedria
1868 3503 2172 3569 Thaidem
2202 3501 2407 3583 docet,
2448 3521 2574 3585 qua
2593 3503 2732 3585 ipse

513 3621 906 3702 benignitate
947 3622 1014 3686 in
1057 3638 1199 3686 eam
1240 3620 1450 3687 fuerit.
1537 3619 1749 3685 Verbo
1773 3618 2091 3700 ,quaesivi‘
2114 3619 2312 3700 igitur
2333 3619 2733 3685 enuntiatum

517 3735 866 3817 temporale
906 3734 1340 3800 coniunctione
1380 3733 1529 3817 ‚ubi‘
1577 3732 1978 3814 subiungitur
1996 3783 2011 3813 ‚
2068 3733 2295 3800 deinde
2335 3734 2399 3798 in
2439 3735 2732 3814 paratae-

516 3849 707 3914 tioam
761 3853 1150 3914 structuram
1209 3849 1541 3930 temporali
1605 3848 1853 3913 ratione
1915 3845 2210 3928 neglecta
2270 3847 2600 3928 transitur,
2668 3845 2735 3910 id

516 3962 682 4044 quod
725 3962 1044 4028 solutioris
1089 3962 1340 4044 generis
1378 3961 1625 4028 dicendi
1669 3963 1992 4045 proprium
2036 3981 2177 4028 esse
2206 3963 2522 4028 neminem
2550 3961 2731 4042 fugit.

518 4076 738 4141 Altero
779 4075 914 4140 loco
957 4081 1284 4141 structura
1321 4076 1687 4159 hypotatiea
1726 4076 2061 4159 parataxin
2100 4075 2357 4157 exeipit:

641 4330 719 4412 ’1)
759 4329 828 4386 of.
867 4329 1107 4402 Spengel
1163 4331 1236 4386 ad
1288 4330 1340 4386 h.
1393 4331 1431 4386 1.
1489 4328 1938 4397 ,Parataktisohe
1994 4327 2378 4398 Satzfflgung,
2442 4327 2539 4383 der
2598 4327 2726 4383 Um-

520 4423 936 4510 gangsspraohe
975 4437 1326 4492 entnommen
1361 4433 1477 4489 und
1511 4430 1796 4526 kraftiger
1832 4432 1919 4492 als
1949 4451 2017 4482 =
2054 4447 2200 4490 nuno
2238 4447 2363 4488 oum
2398 4446 2535 4508 opus
2566 4430 2698 4506 est‘.
