3300 4984
1445 365 1863 428 ...88-

873 539 1104 606 Heaut.
1149 543 1291 604 564.
1337 539 1498 605 Acta
1541 540 1698 606 haec
1737 559 1843 606 res
1889 546 2021 607 est:
2064 543 2244 622 perii.

868 654 1134 736 Adelph.
1181 657 1304 718 324
1346 671 1439 735 sq.
1485 654 1833 722 Periimus:
1873 655 1881 738 Ι
1922 656 2213 722 Actumst
2235 658 2310 738 ¹).

539 768 634 834 Ex
668 767 768 834 his
808 769 1092 850 inprimis
1130 768 1282 834 locis
1323 774 1644 849 postremo
1688 769 1898 836 allatis
1939 770 2367 852 intellegimus
2418 788 2541 836 non
2593 770 2757 836 tanti

538 883 840 949 momenti
884 901 1023 949 esse
1069 882 1183 948 has
1226 901 1442 962 voces,
1500 891 1574 948 ut
1616 885 1948 950 enuntiato
2007 885 2244 950 causali
2297 903 2405 951 eas
2461 884 2757 967 explicari

539 1003 885 1078 exspectes.
969 994 1170 1061 Immo
1214 997 1610 1062 enuntiatum
1654 998 1947 1079 alterum,
1992 1017 2113 1080 quo
2158 1017 2349 1066 causa
2380 1000 2756 1080 continetur,

538 1129 660 1192 qua
704 1111 896 1176 talem
939 1128 1154 1175 vocem
1221 1110 1573 1176 exclamare
1638 1111 1865 1192 aliquis
1931 1113 2196 1194 cogitur,
2270 1113 2571 1179 maiorem
2632 1113 2758 1178 vim

536 1222 776 1289 habere
819 1233 1310 1289 consentaneum
1354 1229 1456 1289 est
1477 1229 1554 1301 ²).

703 1337 1032 1403 Postremo
1075 1355 1151 1402 ea
1191 1335 1530 1403 afferamus
1575 1339 1881 1420 exempla,
1924 1339 1989 1405 in
2032 1339 2257 1421 quibus
2285 1341 2405 1406 etsi
2427 1359 2552 1406 non
2581 1347 2760 1407 certa

537 1470 689 1519 voce
733 1453 1205 1517 enuntiatorum
1248 1469 1446 1516 nexus
1485 1450 1820 1533 indicatur,
1886 1458 2101 1520 tamen
2145 1471 2400 1519 sensum
2442 1455 2758 1520 causalem

537 1569 744 1634 inesse
811 1571 1011 1647 patet.
1101 1567 1309 1647 Atque
1370 1565 1454 1631 ita
1525 1572 1892 1648 comparata
1955 1574 2107 1634 sunt
2171 1585 2247 1632 ea
2312 1569 2615 1650 exempla,
2686 1574 2759 1634 ut

540 1680 1011 1746 enuntiatorum
1054 1679 1224 1744 nullo
1265 1679 1509 1744 vinculo
1568 1680 1924 1747 iunctorum
1968 1700 2110 1746 mox
2150 1681 2328 1762 prius
2369 1700 2511 1746 mox
2550 1687 2760 1762 poste-

536 1796 670 1861 rius
688 1885 693 1889 ·
710 1812 962 1860 causam
1005 1793 1334 1874 exprimat.
1421 1793 1767 1859 Enuntiato
1810 1794 2228 1860 antecedente
2265 1812 2519 1860 causam
2562 1793 2760 1860 conti-

538 1909 677 1974 neri
719 1907 969 1988 dixeris,
1028 1912 1101 1971 ut
1147 1907 1576 1972 coniunctione
1637 1912 1817 1988 ,cum‘
1872 1908 2163 1989 subiungi
2215 1909 2417 1990 possit
2467 1907 2760 1990 sequenti

538 2023 914 2102 sententiae,
957 2021 1056 2086 his
1099 2019 1282 2086 locis:

873 2134 1067 2200 Andr.
1113 2137 1254 2201 670.
1300 2135 1437 2199 Hac
1481 2153 1607 2199 non
1652 2137 1975 2217 successit,
2021 2137 2145 2203 alia
2168 2136 2611 2220 adgrediemur
2638 2138 2757 2203 via.

871 2251 1025 2316 Eun.
1073 2253 1211 2316 121.
1255 2250 1612 2332 Utrumque
1656 2251 1772 2316 hoc
1816 2251 2145 2318 falsumst:
2193 2251 2438 2318 ecfiuet.

798 2363 808 2369 ’
869 2363 978 2444 (cf.
1022 2382 1079 2428 v.
1131 2365 1268 2430 104.
1338 2363 1446 2429 Sin
1505 2364 1736 2429 falsum
1794 2370 1906 2431 aut
1964 2383 2193 2430 vanum
2247 2373 2360 2433 aut
2416 2366 2757 2447 finctumst,

800 2459 824 2499 ‘¹
1810 2549 1817 2557 ,
1911 2479 2203 2546 continuo
2242 2479 2543 2565 palamst)

748 2591 790 2630 2'
872 2595 1030 2661 Eun.
1076 2597 1218 2659 476.
1263 2594 1533 2661 Tacent:
1578 2595 1736 2660 satis
1780 2593 2060 2661 laudant.

913 2761 944 2793 „
1073 2711 1254 2775 1091.
1299 2709 1473 2776 Bene
1515 2709 1752 2775 fecisti:
1800 2710 2071 2791 gratiam
2116 2711 2316 2778 habeo
2360 2729 2714 2777 maxumam

872 2821 1284 2928 (cf.lAdelph.
1331 2826 1472 2890 596.
1519 2823 1592 2888 Id
1635 2825 1783 2906 quia
1824 2843 1947 2890 non
1993 2831 2092 2892 est
2120 2845 2159 2892 a
2187 2845 2289 2892 me
2320 2826 2575 2907 factum,
2620 2826 2755 2907 agis

2228 2941 2467 3022 gratias
2484 2939 2543 3022 22)

870 3052 1100 3117 Heaut.
1131 3058 1165 3115 7
1171 3040 1475 3148 751⁷·Homo
1497 3070 1669 3117 sum:
1713 3052 1969 3119 humani
1991 3055 2080 3118 nil
2101 3073 2140 3120 a
2165 3073 2265 3119 me
2286 3054 2560 3120 alienum
2582 3061 2751 3136 puto.

537 3169 659 3252 (Ex
701 3165 927 3248 verbiS,
972 3184 1133 3248 quae
1175 3152 1274 3230 liis
1313 3166 1718 3245 antecedunt,
1764 3167 2108 3232 clarissime
2149 3167 2574 3249 intellegitur,
2638 3168 2756 3234 hoc

536 3285 672 3350 loco
712 3282 965 3347 maioris
1019 3280 1320 3346 momenti
1381 3299 1520 3346 esse
1575 3281 1973 3346 enuntiatum
2028 3282 2372 3363 posterius,
2437 3283 2537 3348 cui
2582 3283 2755 3364 prius

539 3403 750 3462 mente
793 3393 1293 3477 subiungendum
1351 3397 1454 3460 sit.
1539 3393 1704 3459 Nam
1748 3393 2122 3460 Menedemo
2178 3396 2595 3477 interroganti
2657 3387 2761 3461 his

536 3509 783 3578 verbis:
870 3508 1215 3588 ,Chremes
1279 3514 1614 3574 tantumne
1658 3509 1743 3573 ab
1777 3527 1849 3575 re
1893 3513 2070 3573 tuast
2110 3510 2200 3574 oti
2240 3508 2375 3588 tibi,
2433 3509 2640 3574 aliena
2682 3515 2756 3575 ut

536 3643 720 3690 cures
765 3672 778 3685 .
827 3671 844 3690 .
888 3621 973 3689 ‚P‘
1062 3621 1365 3686 Chremes
1406 3621 1779 3703 respondet,
1845 3621 2104 3687 humani
2156 3621 2245 3686 nil
2288 3639 2327 3685 a
2368 3640 2438 3688 se
2478 3622 2754 3687 alienum

536 3758 605 3806 se
648 3742 894 3821 putare,
939 3736 1156 3801 addita
1199 3741 1390 3816 atque
1430 3737 1777 3818 praemissa
1820 3754 2027 3816 causa,
2074 3755 2234 3817 quae
2272 3736 2599 3803 enuntiato
2629 3738 2754 3819 pri-

535 3853 733 3919 mario
778 3851 1166 3933 exprimitur,
1212 3855 1285 3915 ut
1326 3851 1525 3930 magis
1570 3849 1925 3932 efferatur.)

679 3989 736 4058 1)
770 3989 840 4042 cf.
879 4003 1021 4055 quae
1059 3986 1414 4042 disseruimus
1453 3988 1520 4042 de
1559 3989 1659 4041 hoc
1696 3989 1813 4042 loco
1851 4003 2019 4056 supra
2056 4003 2105 4056 p.
2146 3987 2220 4040 34
2258 4003 2336 4054 sq.
2402 3987 2603 4042 Nostro
2640 4003 2752 4043 ser-

535 4109 692 4148 mone
729 4090 1055 4148 vertendum
1095 4095 1208 4144 est:
1288 4091 1401 4158 ,Ich
1439 4091 1534 4146 bin
1571 4091 1855 4146 verloren:
1897 4105 1955 4144 es
1993 4089 2069 4143 ist
2108 4105 2208 4144 aus
2247 4090 2329 4157 (es
2366 4088 2443 4144 ist
2479 4107 2572 4145 um
2610 4089 2748 4144 mich

537 4194 887 4266 geschehen).

676 4297 730 4365 2)
766 4295 1030 4352 Similiter
1067 4312 1271 4366 veram,
1326 4301 1394 4350 ut
1430 4295 1514 4350 ita
1554 4294 1749 4357 dicam,
1800 4294 2257 4350 exclamationem
2297 4295 2550 4363 sequitur
2585 4309 2750 4349 enun-

534 4401 740 4456 tiatum
777 4400 1122 4470 primarium,
1161 4399 1315 4454 cuius
1349 4400 1469 4452 loco
1509 4396 1860 4453 enuntiatum
1899 4398 2119 4453 causale
2156 4398 2428 4468 possitum
2456 4413 2576 4453 esse
2594 4412 2751 4452 nemo

535 4503 912 4582 exspectabitz
951 4504 1022 4561 cf.
1060 4504 1203 4560 Eun.
1241 4503 1366 4564 197.
1401 4501 1634 4576 Adelph.
1674 4501 1795 4562 301.
