3300 4984
822 614 918 679 ep.
964 596 1014 677 Ι,
1058 598 1119 677 6,
1166 600 1243 662 17
1285 615 1378 680 sq.
1427 597 1460 662 I
1502 614 1691 679 nunc,
1733 601 2069 678 argentum
2114 603 2182 663 et
2222 615 2497 664 marmor
2523 603 2709 665 vetus
2820 579 2831 592 ⁶

1892 729 2165 794 aeraque
2212 718 2281 780 et
2324 718 2498 780 artes

909 828 1187 910 Suspice,
1233 847 1374 894 cum
1415 828 1681 910 gemmis
1724 829 1946 912 Tyrios
1989 831 2223 896 mirare
2266 833 2522 898 colores.

820 959 917 1022 ep.
961 941 1010 1022 I,
1054 946 1112 1022 7,
1159 946 1255 1007 71.
1298 941 1482 1008 Nunc
1521 942 1561 1022 i,
1604 961 1743 1008 rem
1785 949 2087 1010 strenuus
2127 962 2307 1027 auge.

653 1056 884 1124 Forma
925 1056 1268 1139 composita
1312 1055 1451 1137 ,abi‘
1495 1062 1870 1139 usurpatur:

785 1165 804 1182 ‘
824 1188 922 1252 ep.
966 1169 1015 1251 I,
1063 1175 1116 1250 7,
1161 1173 1264 1237 53.
1307 1169 1447 1251 Abi,
1490 1187 1729 1253 quaere
1771 1176 1841 1237 et
1882 1171 2055 1238 refer
2098 1221 2112 1237 .
2160 1221 2176 1237 .
2222 1221 2239 1239 .

655 1283 768 1366 (Et
808 1283 1159 1366 simplicem
1211 1282 1478 1350 formam
1520 1284 1579 1364 ‚i‘
1623 1290 1693 1351 et
1746 1286 2151 1368 compositam
2212 1285 2352 1368 ‚abi‘
2405 1285 2504 1353 his
2558 1286 2710 1353 locis

487 1397 856 1466 Horatianis
919 1399 1240 1466 notionem
1301 1399 1593 1466 movendi
1657 1418 1813 1483 prae
1865 1418 1937 1467 se
1987 1398 2158 1467 ferre
2220 1407 2708 1468 consentaneum

493 1514 640 1599 est).

655 1627 867 1695 Etiam
919 1628 1332 1712 imperativus
1385 1631 1609 1710 ,curre‘
1668 1629 1837 1713 aqud
1887 1629 2255 1696 Terentium
2309 1648 2452 1698 cum
2505 1631 2711 1698 altero

490 1759 607 1825 per
653 1741 1000 1826 asyndeton
1045 1741 1410 1810 coniunctus
1452 1747 1582 1809 est:

820 1855 975 1924 Hec.
1022 1859 1144 1921 719
1186 1875 1277 1939 sq.
1323 1856 1460 1922 Eho
1487 1875 1706 1939 puere‚
1751 1873 1935 1922 curre
1968 1856 2050 1922 ad
2073 1857 2449 1924 Bacchidem
2478 1858 2707 1944 hanc1)

910 1969 1193 2036 Vicinam
1236 1976 1550 2036 nostram:
1594 1970 1718 2036 huc
1761 1987 1954 2036 evoca
1995 1970 2204 2037 verbis
2246 1973 2421 2039 meis.

823 2082 1093 2164 Adelph.
1139 2086 1278 2149 354.
1326 2084 1548 2164 Curre,
1592 2083 2000 2152 obstetricem
2042 2102 2317 2152 accerse.

655 2195 968 2280 (Denique
1009 2196 1132 2263 huc
1177 2198 1501 2279 pertinere
1543 2197 1823 2266 videtur:

824 2311 1072 2378 Phorm.
1117 2313 1258 2378 765.
1303 2312 1582 2394 Sequere
1626 2329 1758 2377 me:
1800 2311 1975 2378 intus
2014 2318 2232 2379 cetera
2273 2312 2545 2380 audietis
2567 2315 2664 2398 2)).

656 2427 782 2494 Sed
823 2426 1100 2493 fatemur
1153 2426 1332 2494 nobis
1373 2445 1498 2494 non
1553 2445 1694 2494 esse
1745 2445 2120 2510 persuasum
2175 2428 2330 2495 locis
2386 2429 2709 2513 hucusque

489 2541 699 2608 allatis
780 2542 1110 2622 parataxin
1193 2541 1446 2607 finalem
1531 2560 1672 2607 esse
1752 2541 2173 2608 statuendam.
2294 2543 2558 2625 Propius
2628 2546 2711 2611 ad

487 2663 876 2722 structuram
921 2657 1375 2738 paratacticam
1432 2656 1735 2722 accedere
1793 2656 2240 2722 Weissenborn
2298 2657 2577 2725 affirmat
2632 2678 2709 2725 ea

489 2771 836 2852 enuntiata,
879 2769 1104 2853 quibus
1145 2775 1570 2852 anteponatur
1613 2770 1898 2837 futurum
1947 2770 2103 2850 ,ibo‘.
2194 2771 2282 2837 Ut
2324 2771 2587 2839 Plautus
2614 2773 2708 2839 ita

489 2885 826 2950 Terentius
905 2885 1120 2950 futuro
1200 2883 1339 2964 ,ibo‘
1404 2884 1677 2949 alterum
1742 2884 2027 2950 futurum
2089 2885 2408 2951 coniunxit
2464 2892 2537 2951 et
2594 2905 2712 2968 per

487 2998 780 3081 asyndeti
839 2998 1106 3064 formam
1164 3003 1233 3064 et
1293 2997 1732 3064 intercedente
1795 2997 2109 3080 particula
2172 3000 2529 3080 copulativa
2594 3006 2709 3080 ‚at-

488 3131 610 3195 que
653 3114 826 3194 (ac)‘.

653 3228 1020 3311 Asyndeton
1061 3227 1380 3295 invenitur
1417 3228 1516 3295 his
1558 3228 1743 3295 locis:

821 3342 1016 3407 Andr.
1063 3344 1203 3408 594.
1248 3343 1518 3408 Domum
1559 3342 1743 3409 modo
1786 3342 1916 3423 ib0‚
1982 3348 2057 3409 ut
2097 3341 2443 3424 adparetur
2485 3344 2707 3424 dicam,

1789 3463 1985 3540 atque
2022 3457 2144 3523 huc
2187 3459 2497 3525 renuntio,

637 3615 687 3679 1)
729 3614 822 3669 Sic
857 3612 1166 3682 Dziatzko;
1222 3613 1616 3683 Engelbrecht,
1654 3615 1692 3668 l.
1729 3614 1767 3668 l.
1805 3631 1857 3683 p.
1899 3613 1966 3668 17
2004 3629 2138 3668 sen:
2196 3613 2371 3680 ,facili
2407 3614 2710 3683 transposi-

490 3716 642 3773 tione
679 3733 871 3782 ‚cun-e,
911 3717 1063 3786 puer‘
1123 3733 1245 3770 cum
1298 3716 1555 3771 Bentleio
1593 3721 1654 3772 et
1692 3717 1804 3771 cod.
1864 3717 1909 3770 F
1958 3717 2077 3771 loco
2128 3716 2411 3771 laboranti
2466 3716 2711 3772 succurri

491 3824 696 3890 potest.

638 3924 698 3990 2)
739 3923 900 3978 Hanc
967 3939 1162 3978 versus
1220 3921 1498 3978 codicibus
1553 3921 1697 3977 falso
1759 3920 1960 3976 traditi
2015 3922 2455 3978 emendationem
2509 3921 2621 3977 iam
2675 3939 2710 3976 a

493 4024 704 4081 Weisio
746 4029 806 4081 et
847 4025 1130 4096 Wagnero
1167 4025 1226 4080 in
1262 4031 1480 4080 textum
1529 4027 1812 4093 receptam
1859 4022 2135 4078 Dziatzko
2186 4023 2547 4079 adnotatione
2604 4023 2711 4077 cri-

492 4127 607 4183 tica
645 4129 715 4182 ad
755 4128 804 4182 h.
849 4128 886 4182 1.
928 4126 1246 4182 sententiae
1285 4124 1467 4196 magis
1505 4124 1761 4180 sufficere
1783 4123 1989 4192 docuit,
2027 4140 2192 4192 quam
2211 4124 2349 4179 illud
2371 4123 2711 4194 ,audiemus‘,

493 4230 636 4299 quod
672 4229 961 4285 Bentleius
1000 4245 1229 4296 eumque
1269 4233 1494 4284 secutus
1537 4227 1916 4297 Umpfenbach
1954 4225 2312 4296 scripserunt.
2386 4227 2709 4282 Fleckeisen

496 4337 562 4386 ut
601 4330 849 4387 codicum
897 4331 1191 4386 lectionem
1243 4331 1472 4398 ,audies‘
1523 4336 1794 4400 servaret,
1844 4328 2189 4385 scribendum
2240 4329 2528 4399 proposuit
2600 4329 2708 4398 ,Se-

495 4449 664 4503 quere
702 4450 814 4491 me:
851 4433 1006 4491 intus
1045 4433 1238 4489 audies
1278 4449 1420 4502 quae
1457 4433 1714 4502 restant‘‚
1752 4449 1915 4502 quam
1969 4431 2343 4487 coniecturam
2390 4449 2424 4487 a
2462 4429 2708 4490 codicum

495 4538 776 4614 scriptura
811 4537 1124 4596 necessario
1162 4537 1382 4618 longius
1419 4537 1682 4601 recedere
1717 4534 2056 4592 Dziatzkoni
2092 4534 2439 4598 assentimur,
