3300 4984
1477 399 1883 466 ..94-

581 597 728 646 nem
767 578 1078 648 contineri
1097 633 1112 662 ,
1175 599 1361 648 nemo
1403 579 1526 648 erit
1543 631 1558 661 ,
1625 583 1731 664 qui
1790 579 2043 664 cogitet.
2130 581 2354 666 Neque
2396 581 2803 667 Spengelium

581 693 1144 778 interrogationem
1186 693 1464 762 voluisse
1500 700 1789 763 statuere
1829 695 2261 780 intellegimus
2300 715 2379 763 ex
2436 697 2572 764 eius
2613 695 2803 764 adno-

582 808 824 876 tatione
867 808 949 875 ad
1015 809 1278 907 Adelph.
1321 830 1378 876 v,
1421 812 1540 876 881
1589 808 1760 891 data,
1831 809 1937 876 ubi
2000 809 2260 878 verbum
2326 810 2574 890 ,deerit‘
2638 811 2805 894 quod

582 923 1096 1005 interrogationis
1139 926 1318 1007 signo
1358 925 1626 1004 ornavit,
1671 925 1861 992 simili
1900 925 2085 993 modo
2128 932 2322 1009 atque
2361 926 2806 1010 interrogatio-

582 1059 729 1107 nem
771 1041 1304 1123 pronuntiandum
1353 1042 1666 1108 enuntiati
1709 1041 2148 1109 condicionalis
2202 1043 2339 1110 loco
2382 1061 2523 1109 esse
2560 1041 2713 1109 dicit
2737 1047 2803 1121 ¹).

573 1154 1150 1236 Interrogationem
1192 1156 1388 1237 igitur
1429 1157 1530 1222 vel
1573 1157 1782 1238 potius
1824 1156 2338 1238 interrogationis
2379 1157 2578 1239 signa,
2642 1173 2805 1238 quae

583 1268 758 1335 nulla
796 1269 963 1352 apud
1007 1275 1261 1337 veteres
1313 1288 1515 1353 neque
1558 1270 1835 1337 Graecos
1858 1288 2081 1353 ¹neque
2124 1269 2385 1336 Latinos
2426 1269 2620 1336 fuisse
2662 1288 2806 1336 con-

585 1389 735 1462 stat,
781 1402 859 1450 ea
901 1390 1114 1452 mente
1161 1386 1466 1452 arcessita
1497 1404 1638 1451 esse
1668 1385 1748 1451 ab
1786 1383 2131 1452 editoribus
2152 1389 2645 1486 consentagieum
2686 1390 2804 1467 est,

584 1507 657 1567 ut
713 1501 1116 1583 ostendatur,
1186 1519 1312 1584 quo
1364 1520 1517 1568 sono
1567 1502 1737 1567 vocis
1791 1501 2113 1568 efferenda
2164 1502 2292 1567 sint
2346 1520 2421 1566 ea
2478 1501 2806 1568 enuntiata

584 1614 904 1696 primaria,
948 1602 1109 1698 quae
1155 1615 1466 1681 enuntiati
1512 1615 1953 1682 condicionalis
1982 1616 2121 1682 loco
2145 1620 2483 1697 ponuntur.
2569 1615 2805 1681 Tamen

583 1721 1063 1812 interrogationi
1106 1729 1348 1794 nullum
1391 1731 1594 1795 locum
1640 1748 1783 1796 esse
1839 1730 1905 1794 in
1948 1731 2191 1812 protasi
2242 1730 2635 1812 paratactica
2676 1735 2806 1796 sta·

584 1848 770 1909 tuere
812 1861 1208 1926 recusamus,
1273 1844 1462 1910 immo
1514 1843 1581 1910 C.
1641 1845 1747 1910 Fr.
1805 1844 2168 1909 Hermanno
2228 1845 2626 1924 assentimur,
2698 1845 2805 1927 qm·

585 1959 1098 2040 interrogationis
1153 1977 1335 2024 usum
1392 1959 1458 2024 in
1516 1959 1760 2041 protasi
1816 1960 2209 2040 paratactica
2267 1978 2389 2025 non
2432 1958 2683 2040 quidem
2726 1957 2807 2024 ab

583 2075 724 2155 ipsa
768 2079 1129 2140 structurae
1171 2075 1232 2139 vi
1271 2080 1338 2140 et
1378 2079 1639 2154 natura,
1714 2072 1826 2140 sed
1870 2093 1909 2138 a
1952 2074 2339 2155 singulorum
2381 2074 2660 2140 locorum
2703 2091 2804 2139 co-

584 2188 719 2254 lore
775 2188 1051 2254 oratorio
1101 2187 1446 2269 repetitum
1503 2206 1642 2253 esse
1698 2187 2093 2254 demonstrat
2115 2187 2187 2271 2).
2248 2188 2334 2270 (p.
2381 2187 2517 2270 17).v
2596 2187 2806 2264 Quare

586 2301 870 2385 plurimis
910 2301 973 2366 in
1017 2301 1170 2367 locis
1211 2301 1366 2366 nihil
1409 2301 1655 2367 referre
1699 2321 1942 2379 censeo,
1987 2307 2201 2367 utrum
2241 2300 2803 2385 interrogationem

585 2421 941 2484 statuamus
1003 2433 1218 2481 necne.
1305 2415 1441 2482 Hoc
1511 2421 1761 2482 tantum
1830 2416 2175 2482 concedere
2238 2433 2363 2481 non
2424 2413 2802 2494 dubitamus,

586 2531 768 2598 modo
807 2537 984 2599 certo
1025 2531 1193 2598 vocis
1234 2551 1384 2598 sono
1429 2533 1833 2612 sententiam,
1876 2550 2038 2614 quae
2078 2531 2389 2598 enuntiati
2418 2529 2806 2617 condiciona-

563 2644 664 2713 'lis
705 2647 841 2713 loco
883 2646 1177 2726 occurrit,
1221 2665 1260 2712 a
1302 2646 1544 2713 Latinis
1587 2646 2057 2729 pronuntiatam
2103 2664 2262 2726 esse,
2308 2645 2491 2712 modo
2533 2646 2807 2712 interro-

585 2761 902 2845 gationem
949 2761 1185 2827 maiore
1228 2780 1370 2826 cum
1413 2762 1477 2827 vi
1520 2761 1756 2829 elatam
1806 2779 1964 2842 esse,
2038 2765 2232 2844 atque
2274 2778 2621 2841 monemus,
2692 2759 2805 2825 mi-

584 2875 753 2943 nime
793 2876 861 2940 in
901 2876 1019 2941 hac
1061 2895 1134 2941 re
1175 2882 1464 2943 nostrum
1514 2877 1868 2943 sermonem
1927 2875 2010 2942 ab
2062 2895 2181 2956 usu
2236 2875 2617 2958 scriptorum
2664 2873 2807 2940 lati-

583 3009 807 3058 norum
849 2990 1149 3057 recedere
1171 2993 1242 3068 ⁸).

749 3103 1062 3171 Ponamus
1129 3104 1326 3187 igitur
1385 3124 1462 3172 ea
1531 3105 1804 3188 primum
1859 3106 2178 3188 exempla,
2258 3121 2421 3187 quae
2493 3102 2805 3171 editorum

584 3220 1010 3286 recentiorum
1053 3237 1362 3286 consensu
1401 3219 1962 3302 interrogationem
2006 3237 2130 3285 non
2170 3218 2551 3286 admittunt:

915 3335 1076 3400 Eun.
1124 3337 1267 3401 252.
1312 3335 1524 3416 Negat
1567 3335 1735 3418 quis:
1782 3353 1970 3416 nego;
2015 3335 2133 3400 aitt
2180 3333 2280 3399 aio
2324 3384 2338 3399 .
2385 3383 2401 3400 .
2454 3384 2466 3397 .

733 3473 788 3539 1)
824 3473 940 3528 Das
975 3473 1142 3529 Wort
1179 3473 1318 3528 wird
1355 3472 1459 3528 mit
1494 3473 1941 3542 Achselzucken,
1999 3471 2151 3528 einer
2187 3471 2373 3542 Frage
2411 3469 2652 3536 ahnlich,
2708 3486 2805 3542 ge-

587 3575 855 3644 sprochen
891 3575 1006 3631 und
1043 3574 1279 3632 vertritt
1315 3575 1404 3631 die
1441 3575 1615 3631 Stelle
1668 3575 1819 3631 eines
1868 3573 2424 3646 Bedingungssatzes
2460 3575 2531 3628 cf.
2570 3573 2804 3644 Adelph.

586 3677 689 3733 117
727 3693 804 3746 sq.

728 3781 786 3847 2)
825 3780 986 3848 Quod
1029 3780 1540 3838 Weissenbornium
1590 3780 1805 3851 fugisse
1853 3779 2094 3848 videtur,
2164 3777 2260 3848 qui
2311 3781 2387 3848 (p.
2438 3777 2527 3850 19)
2588 3777 2805 3848 attulit,

585 3881 734 3939 viros
773 3883 981 3950 doctos,
1021 3881 1079 3938 in
1115 3883 1186 3938 iis
1220 3883 1612 3953 Hermannum,
1666 3882 2165 3952 interrogationem
2216 3880 2469 3938 adhiberi
2516 3897 2676 3950 posse
2712 3895 2806 3936 ne-

586 3984 812 4056 gavisae
849 3991 908 4042 et
945 4002 1038 4042 eos
1075 3986 1314 4042 refutari
1349 3987 1660 4043 arbitratur
1682 4043 1687 4046 ,
1711 4003 1820 4043 uno
1874 4002 1942 4042 ex
1992 3986 2197 4042 Plauto
2233 3989 2453 4055 sumpto
2490 3985 2629 4055 loco,
2687 3981 2806 4042 Mil.

585 4089 710 4158 663,
747 4087 844 4145 ubi
879 4087 1159 4158 particula
1195 4090 1300 4154 ‚ne‘
1336 4088 1707 4160 interrogatio
1746 4088 2116 4159 significatur.

730 4192 788 4258 3)
829 4191 895 4246 cf.
937 4191 1050 4247 Das
1086 4191 1577 4262 Riesenspielzeug
1614 4207 1723 4248 von
1762 4192 2075 4250 Chamissot
2120 4191 2225 4262 ,Du
2260 4189 2481 4264 fragest
2516 4190 2659 4246 nach
2697 4190 2805 4246 den

588 4293 809 4363 Riesen‚
867 4279 954 4349 du*
978 4293 1180 4350 findest
1217 4293 1296 4349 sie
1332 4295 1490 4349 nicht
1525 4294 1713 4351 mehr‘.
1788 4295 2161 4351 Enuntiatum
2215 4293 2369 4364 prius
2418 4293 2805 4364 interrogandi

585 4395 805 4453 ratione
841 4396 1309 4467 pronuntiandum
1335 4413 1472 4466 esse,
1509 4397 1606 4457 sed
1625 4413 1736 4456 non
1771 4413 1961 4458 veram
1985 4396 2486 4470 interrogationem
2504 4395 2805 4474 continere,

580 4498 941 4570 manifestum
975 4503 1081 4568 est.-
