3300 4984
1496 386 1905 450 -53-

754 558 844 625 Ut
886 559 1061 625 verbi
1107 559 1279 641 ,sino‘
1337 560 1427 626 sic
1471 558 1650 626 verbi
1699 558 1921 640 ‚iubeo‘
1979 559 2393 642 imperativus
2436 578 2475 625 a
2517 559 2815 627 Terentio
2912 581 2919 588 ·

590 693 731 740 cum
775 673 1167 740 coniunctivo
1207 673 1414 740 soluto
1459 661 1892 756 coniungitur:

922 789 1152 854 Heaut.
1198 791 1353 855 737.·
1383 789 1547 855 Jube
1590 796 1864 856 maneat.

922 903 1079 967 Eun.
1126 905 1243 968 691
1290 921 1380 984 sq.
1425 902 1589 968 Jube
1631 903 1718 968 mi
1762 902 1966 970 denuo
2004 902 2013 986 Ι
2051 902 2474 984 Respondeat.

925 1015 1212 1100 Adelph.'
1237 1022 1362 1083 914
1402 1037 1492 1100 sq.
1537 1017 1703 1084 Jube
1745 1019 2035 1084 nunciam
2074 1018 2082 1102 1
2121 1019 2502 1086 Dinumeret
2540 1020 2649 1085 ille
2692 1020 2814 1086 Ba-

1930 1133 2072 1215 bylo
2116 1133 2339 1216 viginti
2382 1135 2601 1200 minas,

592 1247 686 1310 Ex
730 1264 803 1312 eo
843 1247 1007 1328 quod
1067 1246 1327 1313 verbum
1380 1245 1606 1327 ,iubeo‘
1664 1245 1831 1327 apud
1884 1246 2256 1313 Terentium
2308 1266 2616 1331 nusquam
2670 1267 2813 1315 con-

593 1361 978 1426 iunctionem
1038 1365 1170 1444 ,utfi
1206 1361 1463 1442 recipit,
1523 1361 1795 1426 maxime
1854 1361 2105 1426 elucere
2160 1362 2312 1427 mihi
2371 1363 2622 1429 videtur
2674 1382 2816 1430 con-

591 1474 938 1541 iunctivum
981 1476 1275 1555 solutum,
1327 1476 1435 1556 qui
1475 1474 1693 1540 iussivi
1736 1474 1940 1540 locum
1983 1479 2179 1554 tenet,
2236 1475 2313 1540 ad
2358 1477 2815 1557 paratacticam

589 1597 976 1656 structuram
1054 1609 1192 1656 esse
1263 1589 1703 1655 revocandum.
1789 1588 1953 1653 Nam
2017 1589 2071 1654 si
2134 1589 2636 1657 coniunctionem
2703 1596 2813 1670 ,ut‘

591 1703 885 1772 omissam
932 1725 1072 1772 esse
1114 1725 1253 1772 cum
1298 1705 1547 1771 Holtzio
1587 1723 1892 1786 ponamus
1911 1757 1925 1786 ‚
1987 1723 2128 1770 eam
2171 1723 2312 1770 cum
2354 1704 2547 1771 verbo
2592 1706 2811 1786 ,iubeo‘

589 1821 879 1902 coniungi
920 1821 1126 1886 solere
1170 1819 1585 1900 colligendum
1629 1819 1717 1885 sit
1759 1825 1953 1900 atque
1996 1825 2173 1885 certe
2218 1819 2447 1885 mirum
2490 1821 2595 1901 sit,
2642 1820 2813 1887 nullo

593 1933 727 2001 loco
771 1934 1153 1999 Terentiano
1198 1933 1455 1999 verbum
1501 1932 1723 2013 ,iubeo‘
1765 1932 1938 1997 illam
1968 1933 2464 1999 coniunctionem
2508 1934 2813 2016 recipere,

591 2049 706 2115 sed
769 2049 1002 2114 ceteris
1065 2050 1215 2114 locis
1280 2049 1653 2139 infinitivum
1716 2067 1858 2114 cum
1917 2049 2107 2115 verbo
2173 2047 2395 2129 ,iubeo‘
2466 2067 2606 2116 esse
2670 2068 2814 2116 con-

590 2163 874 2230 iunctum
899 2164 971 2247 1).

758 2298 1202 2364 Coniunctivus
1241 2299 1488 2364 solutus
1530 2297 1793 2363 verbum
1835 2296 2057 2376 ,iubeo‘
2101 2297 2390 2381 sequitur
2432 2298 2624 2364 etiam
2664 2297 2729 2362 in

925 2412 1136 2492 Pomp.
1187 2399 1378 2477 Bon.
1463 2411 1647 2500 srgm.
1729 2414 1831 2477 58.
1963 2409 2129 2476 Jube
2216 2410 2399 2477 modo
2484 2410 2816 2478 adferatur

2354 2541 2600 2590 munus.

593 2639 690 2704 Ad
736 2639 1084 2706 orationem
1129 2642 1372 2703 rectam
1415 2639 1835 2704 revocandum
1881 2657 2021 2704 esse
2063 2645 2359 2720 putamus
2398 2638 2564 2703 hunc
2606 2639 2813 2704 locum

591 2753 1036 2832 Horatianum‚
1113 2752 1220 2818 ubi
1294 2771 1635 2834 pronomen
1700 2752 1895 2833 ‚illud‘
1965 2753 2048 2817 ad
2107 2752 2170 2817 id
2189 2804 2203 2832 ‚
2278 2751 2443 2835 quod
2506 2753 2814 2834 sequitur,

592 2874 874 2949 spectat:

925 2987 1044 3047 sat.
1090 2981 1170 3046 ΙΙ.
1213 2984 1272 3060 5,
1323 2982 1404 3045 70
1445 2998 1576 3061 sqq.
1622 2973 1801 3045 'Illud
1859 2980 1939 3045 ad
1995 2981 2154 3047 haec
2213 2981 2429 3047 iubeo:
2494 2981 2721 3046 mulier
2760 2981 2815 3045 si

2181 3093 2347 3161 forte
2390 3094 2605 3160 dolosa

1015 3209 1389 3275 Libertusve
1435 3228 1650 3276 senem
1698 3210 1962 3276 delirum
2008 3217 2353 3293 temperet;
2397 3211 2522 3276 illis
2648 3201 2653 3208 ’

1017 3325 1296 3391 Accedas
1339 3327 1559 3407 socius,
1600 3326 1839 3404 laudeS,
1888 3325 2162 3392 lauderis
2206 3334 2278 3391 ut
2317 3325 2546 3391 absens
2592 3375 2605 3391 .
2652 3375 2666 3390 .
2714 3375 2729 3390 .

733 3457 963 3523 ·Multo
1018 3457 1297 3523 crebrior
1354 3477 1504 3524 usus
1557 3457 1933 3523 coniunctivi
1994 3457 2183 3522 soluti
2242 3463 2454 3523 exstat
2511 3457 2591 3522 in·
2625 3455 2816 3522 verbo

599 3571 794 3650 ‚volo‘.
881 3571 1184 3653 Exempla
1225 3572 1391 3653 apud
1434 3572 1801 3638 Terentium
1843 3573 2251 3638 inveniuntur
2291 3571 2481 3637 haec:

930 3687 1128 3751 Andr.
1173 3690 1311 3753 388.
1357 3689 1566 3753 Ducas
1609 3687 1747 3753 volo
1790 3688 1975 3753 hodie
2018 3706 2295 3754 uxorem.

1017 3850 1048 3884 „
1177 3805 1317 3868 418.
1365 3802 1567 3869 Hodie
1612 3796 1877 3880 uxorem
1919 3803 2132 3883 ducas,
2174 3810 2249 3869 ut
2290 3803 2435 3898 dixi,
2480 3801 2635 3868 volo.

743 4042 799 4110 1)
835 4043 922 4096 Ex
956 4041 1162 4096 fabulis
1197 4041 1476 4097 Plautinis
1513 4042 1716 4098 Holtze
1756 4042 1855 4113 (ΙΙ.
1897 4043 2021 4111 159)
2076 4047 2193 4096 tres
2230 4042 2375 4096 locos
2425 4039 2641 4110 attulit,
2699 4039 2817 4108 qui-

599 4143 703 4201 bus
741 4145 1053 4201 coniunctio
1093 4147 1193 4214 ,ut‘
1231 4161 1354 4200 cum
1404 4145 1570 4202 verbo
1624 4144 1819 4214 ‚iubeo‘
1874 4143 2168 4201 coniuncta
2216 4144 2473 4200 occurrit.
2550 4143 2817 4198 Addimus

601 4247 991 4317 imperativum
1028 4247 1188 4317 ,iube‘
1229 4241 1670 4302 coniunctionem
1724 4248 1821 4314 ,ut‘
1860 4246 2104 4315 recipere
2151 4247 2207 4301 in
2258 4247 2451 4300 Afran.
2490 4245 2655 4316 frgm.
2695 4247 2817 4301 177.

605 4351 760 4419 ,Inde
794 4357 860 4406 ut
897 4352 1140 4420 puellam
1167 4357 1380 4420 curent,
1423 4353 1763 4406 conforment
1782 4351 1948 4406 iube‘.
2022 4350 2394 4405 Enuntiatum
2431 4348 2818 4405 secundarium

606 4453 890 4510 antecedit
927 4453 1028 4507 hoc
1065 4453 1200 4507 1000.
