3300 4984
1434 422 1512 434 --
1602 386 1891 450 112-

886 558 1135 628 Phorm.
1183 562 1303 626 165
1346 579 1439 644 sq.
1511 561 1613 627 Ita
1664 581 1766 627 me
1821 561 1885 626 di
1926 567 2161 642 ament,
2232 563 2305 628 ut
2362 561 2513 628 mihi
2574 561 2767 628 liceat

1695 682 1831 744 tam
1873 677 1981 743 diu
2022 677 2185 761 quod
2227 696 2368 744 amo
2409 677 2555 758 frui,

975 789 1119 856 Jam
1162 789 1474 872 depecisci
1513 797 1719 858 morte
1760 793 1958 874 cupio.

724 1527 961 1606 Quodsi
1001 1530 1400 1598 Terentianis
1454 1532 1608 1599 locis
1623 1585 1639 1614 ,
1712 1533 1820 1616 qui
1870 1532 2325 1615 paratacticam
2379 1534 2768 1596 structuram

558 1638 887 1721 praebent,
932 1646 1245 1725 congestis
1289 1651 1480 1728 atque
1522 1665 1664 1712 cum
1702 1648 1829 1714 illis
1870 1646 2193 1729 parataxis
2234 1644 2533 1727 exemplis
2547 1695 2562 1725 ,
2608 1663 2769 1727 quae

558 1749 1005 1822 Weissenborn
1050 1776 1127 1823 ex
1168 1758 1380 1826 Plauti
1421 1759 1649 1827 fabulis
1706 1760 1959 1842 collegit
1974 1809 1991 1844 ,
2063 1759 2441 1840 comparatis
2485 1759 2771 1840 cognovi-
2800 1849 2807 1854 .

559 1886 716 1949 mus,
781 1870 846 1935 in
887 1871 1004 1938 hac
1049 1891 1120 1938 re
1162 1893 1515 1940 sermonem
1573 1861 2023 1941 Terentianum
2075 1874 2176 1939 vix
2230 1891 2270 1937 a
2322 1873 2611 1939 Plautino
2655 1873 2772 1938 dif-

559 1981 748 2063 ferre,
791 1987 1220 2066 quaerendum
1262 1989 1548 2070 inprimis
1589 1988 1767 2055 nobis
1808 1988 2090 2068 videtur,
2149 1986 2317 2052 unde
2357 1987 2516 2052 haec
2556 1987 2772 2053 simili-

557 2097 713 2164 tudo
752 2105 895 2166 orta
935 2102 1036 2168 sit.
1122 2103 1283 2169 Nam
1325 2105 1584 2170 sirecte
1613 2104 1767 2171 dicit
1787 2105 2049 2186 Langen
2069 2103 2143 2188 ¹),
2190 2103 2469 2184 linguam
2509 2101 2772 2169 latinam

557 2210 620 2278 in
671 2214 920 2294 syntaxi
961 2215 1300 2281 excolenda
1341 2235 1542 2301 aeque
1590 2221 1943 2300 promotam
1991 2235 2131 2284 esse
2185 2223 2379 2299 atque
2432 2217 2499 2281 in
2554 2215 2774 2282 formis

561 2328 944 2409 expoliendis
988 2331 1213 2412 exiguo
1252 2331 1360 2398 illo
1403 2334 1609 2414 spatio
1648 2333 1821 2399 inter
1859 2332 2072 2399 Plauti
2114 2339 2181 2398 et
2203 2333 2464 2397 Terenti
2490 2335 2773 2396 aetatem

553 2443 906 2526 interiecto,
979 2465 1103 2512 non
1165 2446 1287 2513 nisi
1358 2465 1546 2514 causa
1609 2448 1879 2530 quadam
1945 2452 2322 2514 commotum
2384 2448 2458 2511 ut
2520 2443 2773 2512 vocibus
2872 2437 2875 2446 '

558 2557 814 2624 rusticis
859 2566 926 2627 et
965 2561 1190 2642 priscis
1229 2563 1323 2627 ita
1379 2561 1588 2642 prisca
1638 2561 1749 2626 illa
1802 2560 2265 2627 sententiarum
2315 2557 2774 2640 iungendarum

558 2673 804 2738 ratione
844 2692 1026 2741 usum
1071 2693 1210 2742 esse
1247 2676 1618 2741 Terentium
1646 2674 1965 2740 affirmare
1994 2673 2227 2741 licebit.
2312 2674 2383 2739 L.
2414 2673 2489 2740 A.
2513 2671 2776 2739 Fischer

561 2787 1006 2854 dissertatione
1046 2807 1240 2872 supra
1285 2791 1453 2872 (pag.
1499 2795 1558 2863 5)
1603 2789 1863 2855 laudata
1906 2789 2176 2872 probare
2213 2787 2459 2854 studuit
2487 2787 2775 2854 similitu-

557 2900 790 2982 dinem,
838 2920 1000 2984 quae
1040 2903 1211 2969 inter
1251 2903 1513 2970 Terenti
1557 2909 1624 2970 et
1674 2904 1954 2985 priorum
2006 2884 2382 2969 ‘comi'corum
2436 2901 2777 2967 latinorum

561 3015 846 3097 inprimis
903 3016 1117 3084 Plauti
1173 3019 1484 3085 rationem
1538 3019 1602 3084 in
1655 3018 1883 3085 fabulis
1936 3017 2379 3099 componendis
2432 3014 2776 3081 adhibitam

561 3135 754 3212 atque
793 3149 1148 3197 sermonem
1187 3131 1564 3212 intercedat,
1627 3132 1774 3199 inde
1818 3151 1959 3199 esse
2002 3132 2351 3214 profectam
2367 3182 2383 3211 ,
2448 3129 2615 3212 quod
2657 3127 2779 3193 Te-

561 3243 824 3323 rentius,
889 3245 1254 3327 priusquam
1293 3247 1431 3329 ipse
1473 3245 1719 3313 fabulas
1763 3245 2022 3326 faceret,
2098 3262 2339 3324 eorum,
2401 3243 2506 3326 qui
2549 3242 2667 3307 hac
2712 3241 2777 3306 in
2820 3229 2825 3234 ’

563 3377 636 3424 re
693 3361 1202 3440 antecessissent,
1256 3361 1638 3441 praesertim
1691 3360 1901 3426 Plauti
1955 3359 2305 3425 comoedias
2364 3356 2776 3438 cognovisset.

566 3471 757 3539 Certe
798 3472 1265 3541 concedendum
1312 3481 1445 3555 est,
1506 3473 1907 3554 Terentium,
1964 3478 2217 3554 poetam
2262 3470 2777 3553 eruditissimum,

566 3587 778 3654 Plauti
841 3595 1321 3671 ceterorumque
1385 3589 1761 3654 comicorum
1827 3586 2072 3652 fabulas
2140 3585 2500 3668 cognovisse
2562 3585 2780 3667 eisque
2874 3576 2881 3586 “

563 3722 824 3786 operam
866 3701 1136 3783 dedisse,
1180 3701 1294 3769 sed
1334 3703 1530 3769 nihilo
1572 3703 1780 3768 minus
1820 3703 1989 3767 inter
2027 3701 2238 3767 Plauti
2278 3705 2345 3766 et
2367 3699 2627 3764 Terenti
2647 3717 2781 3765 ser-

569 3837 816 3884 monem
854 3819 921 3883 in
963 3817 1178 3886 formis
1235 3819 1456 3901 priscis
1499 3818 1869 3885 adhibendis
1923 3817 2263 3883 maximum
2312 3814 2648 3882 discrimen
2687 3814 2782 3879 in-

566 3937 829 4011 teresse,
872 3939 1132 4012 praeter
1176 3932 1566 4014 Langenium
1607 3950 1811 4012 nuper
1852 3928 2277 4013 Engelbrecht
2319 3927 2551 4009 libello,
2595 3947 2781 4010 quem

565 4063 761 4128 supra
788 4046 958 4128 (pag.
981 4045 1046 4129 5)
1077 4044 1487 4137 laudavimuS,
1531 4045 2010 4128 diligentissime
2040 4042 2514 4109 demonstravit.
2559 4042 2780 4107 Nonne

564 4159 762 4243 igitur
803 4160 1030 4225 mirum
1070 4158 1322 4227 videtur
1336 4209 1352 4239 ‚
1397 4161 1452 4225 si
1493 4160 1862 4226 Terentium
1907 4160 1973 4224 in
2015 4155 2352 4224 sententiis
2390 4155 2780 4238 paratactica

565 4278 894 4341 structura
933 4272 1266 4355 iungendis
1306 4274 1485 4356 quasi
1525 4273 1740 4339 Plauti
1780 4271 2163 4338 imitatorem
2206 4268 2782 4352 deprehendimus?

715 4457 768 4524 1)
809 4454 876 4512 cf.
915 4469 1056 4531 quae
1094 4451 1482 4516 adnotavimus
1517 4451 1577 4510 in
1611 4454 1788 4529 praef.
1824 4468 1958 4526 pag.
1992 4451 2031 4508 4
2066 4467 2149 4524 sq.
