3300 4984
1515 405 1600 420 ...-
1685 372 1765 438 76
1847 407 1933 422 .....

613 552 789 618 Idem
831 553 996 636 quod
1043 553 1219 634 ,adeo
1260 571 1366 619 res
1407 551 1593 620 redit‘
1647 554 1822 619 valet
1874 554 2029 619 haec
2071 553 2341 621 locutio:
2405 555 2487 633 ‚in
2536 573 2677 620 eum
2719 573 2824 620 res

611 666 780 732 redit
824 666 1077 733 locum‘:

945 781 1176 848 Heaut.
1221 783 1344 847 359
1386 800 1480 863 sq.
1521 782 1595 846 In
1638 798 1781 847 eum
1824 782 1946 846 iam
1993 799 2099 847 res
2142 780 2334 849 rediit
2379 782 2601 862 locum,

967 935 978 946 ·
1031 897 1120 963 Ut
1159 897 1244 963 sit
1285 914 1582 962 necessus
1603 894 1678 980 1).

609 1009 812 1073 Huius
850 1009 970 1075 loci
1009 1009 1244 1074 similes
1287 1017 1473 1076 suntt

812 1180 817 1185 .
941 1121 1190 1189 Phorm.
1234 1124 1355 1188 201
1401 1139 1494 1204 sq.
1538 1120 1717 1200 Quod
1761 1122 1815 1188 si
1858 1141 1932 1188 eo
1975 1141 2155 1188 meae
2198 1120 2490 1190 fortunae
2530 1123 2819 1205 redeunt,

1519 1234 1848 1315 Phanium,
1892 1235 2005 1301 abs
2046 1243 2114 1301 te
2158 1241 2231 1302 ut
2271 1235 2613 1318 distrahar,

1026 1350 1279 1416 Nullast
1321 1350 1472 1415 mihi
1513 1350 1647 1416 vita
1696 1349 2068 1432 expetenda.

1230 1467 1351 1530 979
1394 1482 1486 1546 sq.
1530 1465 1603 1529 In
1646 1464 1708 1528 id
1750 1463 2049 1531 redactus
2090 1483 2229 1530 sum
2271 1464 2411 1546 loci,

1025 1579 1114 1645 Ut
1158 1579 1305 1662 quid
1348 1597 1534 1661 agam
1577 1598 1719 1645 cum
1761 1580 1869 1647 illo
1910 1581 2188 1646 nesciam
2228 1599 2539 1662 prorsum.

936 1692 1200 1775 Adelph.
1243 1695 1366 1760 272
1407 1711 1500 1776 sq.
1543 1693 1679 1760 Hoc
1736 1693 1886 1759 mihi
1940 1694 2129 1775 dolet,
2204 1713 2318 1761 nos
2355 1711 2499 1761 sero
2551 1694 2819 1762 rescisse

1580 1812 1648 1873 et
1693 1826 1828 1873 rem
1872 1826 2075 1891 paene
2115 1810 2179 1873 in
2221 1827 2364 1876 eum
2404 1810 2608 1876 locum

1019 1919 1302 2000 Redisse,
1373 1927 1448 1987 ut
1509 1922 1563 1988 si
1615 1941 1835 1992 omnes
1889 1928 2195 2005 cuperent
2247 1923 2360 1989 tibi
2419 1923 2510 1989 nil
2559 1930 2819 2006 possent

2217 2040 2603 2106 auxiliarier.

600 2150 936 2218 Parataxis
978 2151 1377 2220 consecutiva
1416 2151 1777 2219 inveniatur
1818 2151 1969 2219 licet

930 2265 1126 2334 Andr.
1165 2269 1307 2333 469.
1353 2265 1614 2332 Adeone
1658 2271 1757 2333 est
1798 2265 2103 2332 demens?
2148 2285 2225 2332 ex
2266 2266 2649 2349 peregrina?

532 2454 539 2460 ,
596 2378 1025 2461 supplendum
1067 2380 1230 2445 enim
1276 2385 1377 2446 est
1415 2380 1479 2444 in
1522 2380 1640 2446 hoc
1697 2397 1887 2446 versu
1944 2381 2024 2446 ad
2066 2380 2260 2447 verba
2318 2399 2415 2462 ,ex
2456 2382 2813 2463 peregrina*

595 2513 672 2560 ex
714 2513 771 2562 v.
814 2496 942 2560 464
984 2494 1189 2575 ‚iussit
1230 2495 1410 2575 tolli‘,
1451 2499 1525 2561 ut
1553 2495 1761 2560 altera
1780 2496 2193 2577 interrogatio
2218 2496 2495 2578 priorem
2514 2501 2819 2577 sequatur

599 2609 912 2675 enuntiati
957 2607 1339 2676 consecutivi
1380 2607 1535 2689 loco,
1603 2608 1771 2690 quod
1836 2607 2203 2675 vocabulum
2261 2608 2456 2690 ,adeo‘
2508 2628 2653 2677 cum
2708 2609 2818 2676 ad-

591 2723 818 2791 iectivo
861 2718 1162 2804 ‚demens‘
1203 2723 1603 2789 coniunctum
1643 2722 1972 2805 requirere
2014 2722 2289 2789 videtur.

691 2921 700 2930 ι
760 2836 874 2903 Cui
913 2835 1049 2903 loco
1090 2835 1378 2903 conferre
1422 2854 1546 2902 non
1587 2835 1864 2902 alienum
1909 2840 2043 2902 est:

923 2949 1075 3018 Hor.
1119 2955 1240 3017 sat.
1286 2950 1317 3015 I
1359 2953 1416 3030 1,
1463 2951 1542 3014 13
1585 2967 1694 3042 sq..
1745 2948 1980 3016 Cetera
2037 2948 2117 3014 de
2178 2966 2413 3030 genere
2469 2948 2604 3032 hoc,
2658 2950 2815 3017 adeo

1826 3070 1977 3132 sunt
2016 3065 2236 3146 multa,
2279 3066 2604 3148 loquacem

1013 3180 1353 3246 Delassare
1391 3179 1606 3246 valent
1647 3179 1925 3245 Fabium.

591 3292 1089 3376 Interpungendi
1131 3292 1378 3360 ratione
1420 3291 1614 3360 verba
1682 3292 1859 3374 ‚adeo
1898 3299 2049 3360 sunt
2088 3295 2311 3360 multa‘
2370 3295 2809 3377 parenthetice

592 3427 731 3475 esse
773 3408 980 3490 posita
1024 3408 1300 3474 editores
1342 3406 1703 3475 ostendunt.
1791 3407 1947 3473 Cum
2001 3404 2361 3490 anteposita
2414 3409 2809 3476 enuntiatum

589 3524 1062 3590 consecutivum
1098 3523 1456 3606 requirant,
1526 3523 1859 3605 parataxin
1902 3521 2362 3595 consecutivam
2396 3531 2661 3591 'exstare
2700 3524 2809 3590 illo

588 3637 726 3705 loco
766 3637 1198 3704 affirmaveris.

756 3751 1016 3818 Monere
1060 3770 1182 3818 non
1225 3752 1512 3818 omittam
1529 3803 1545 3833 ‚
1601 3751 1726 3818 huc
1778 3751 2062 3817 revocari
2118 3770 2242 3819 non
2296 3771 2480 3835 posse
2538 3753 2801 3837 Adelph.

588 3869 714 3935 710
755 3886 881 3950 squ

1012 3981 1236 4063 Itaque
1277 3980 1436 4049 adeo
1491 3999 1783 4063 magnam
1836 3979 1923 4047 mi
1979 3980 2157 4048 inicit
2201 3999 2321 4049 sua
2362 3984 2805 4052 commoditate

2357 4114 2591 4179 curam,

1009 4209 1065 4276 N
1071 4229 1108 4275 e
1127 4208 1470 4292 inprudens
1493 4207 1720 4275 faciam
1735 4207 1902 4276 forte
1915 4209 2085 4291 quod
2104 4209 2292 4278 nolit:
2324 4211 2529 4278 sciens
2548 4210 2801 4280 cavebo,

733 4459 788 4532 1)
827 4457 895 4514 cf.
935 4457 1186 4530 Wagner
1221 4456 1291 4513 ad
1330 4457 1384 4513 h.
1422 4458 1491 4515 1.=
1538 4455 1614 4528 ,in
1652 4471 1776 4512 eum
1810 4453 1991 4535 locum
2027 4471 2097 4504 =
2134 4453 2307 4515 adeo‘.
