3300 4984
1414 371 1833 436 -41-

519 563 682 627 quae
722 545 918 629 Syrus
961 564 1182 613 servus
1223 549 1510 614 narravit
1550 547 1631 612 de
1672 547 1819 624 filie,
1863 546 2027 612 hunc
2048 544 2317 612 similem
2360 563 2503 612 esse
2543 545 2735 612 maio-

519 677 660 728 rum
701 679 956 727 suorum
999 662 1286 743 cognovit
1329 667 1396 728 et
1436 660 1517 728 ob
1557 661 1719 727 hanc
1762 661 1963 741 ipsam
2004 677 2259 725 causam
2302 678 2447 725 eum
2488 660 2735 725 salvum

522 791 662 842 esse
703 775 878 857 cupit
918 783 1110 858 atque
1153 775 1238 854 id,
1282 775 1447 858 quod
1489 776 1682 857 cupit,
1724 793 1796 841 se
1817 774 2307 856 impetraturum
2336 792 2475 840 esse
2498 780 2734 855 sperat.

522 885 628 968 (cf.
671 887 868 954 Andr.
915 890 1058 956 931.
1106 888 1366 956 Utinam
1407 887 1472 953 id
1515 889 1617 969 sit,
1662 887 1827 970 quod
1871 905 2056 969 spero
2075 889 2119 970 1)

687 1001 786 1069 Ad
827 1001 1022 1069 verba
1065 1002 1286 1071 orandi
1328 1002 1520 1069 etiam
1564 1002 1822 1080 ,invoco‘
1880 1002 2189 1083 pertinet,
2255 1002 2419 1084 quod
2461 1003 2525 1068 in
2568 1003 2737 1070 Sext.

524 1114 715 1196 Turp.
759 1114 942 1197 frgm.
991 1119 1110 1182 118
1162 1115 1534 1197 imperativo
1575 1114 1963 1196 paratactice
2006 1115 2363 1197 appositum
2398 1121 2525 1181 est:

801 1289 808 1298 .
947 1230 1079 1310 ‚Te‚
1121 1229 1344 1311 Apollo
1384 1234 1625 1310 sancte,
1670 1228 1769 1294 fer
1810 1247 2013 1310 opem,
2070 1235 2285 1314 teque,
2345 1229 2739 1310 omnipotens

1932 1343 2247 1426 Neptune,
2290 1344 2527 1424 invoco,

947 1457 1198 1541 Vosque
1241 1456 1418 1539 adeo,
1461 1459 1667 1525 venti!
1715 1508 1731 1524 .
1779 1509 1791 1522 .
1841 1509 1855 1524 .

695 1570 982 1654 Denique
1023 1570 1358 1638 afferamus
1399 1571 1517 1638 hoc
1560 1571 1697 1639 loco
1748 1570 2083 1637 formulam
2141 1571 2423 1653 ,amabo‘‚
2484 1589 2645 1654 quae
2687 1572 2743 1638 si

525 1705 784 1754 sensum
825 1687 1231 1771 spectaveriS,
1275 1688 1444 1754 idem
1484 1686 1622 1752 fere
1664 1687 1857 1768 valet,
1914 1686 2080 1770 quod
2120 1686 2424 1754 vocabula
2466 1705 2742 1770 ,quaeso,

527 1800 804 1882 obsecro,
849 1804 999 1868 oro‘.
1085 1801 1387 1868 Similiter
1428 1809 1620 1883 atque
1666 1801 1825 1866 haec
1846 1809 1918 1867 ut
1937 1801 2105 1884 apud
2130 1802 2424 1868 Plautum
2446 1803 2538 1868 ita
2576 1800 2745 1885 apud

532 1915 901 1984 Terentium
945 1916 1208 1998 ,amabo‘
1251 1916 1646 1998 imperativis
1689 1917 1989 1985 adicitur:

862 2031 1022 2098 Eun.
1069 2034 1204 2099 130.
1247 2030 1385 2098 Hoc
1425 2031 1616 2114 agite,
1662 2030 1901 2098 amabo,

905 2194 938 2228 „
1072 2149 1209 2213 150.
1253 2144 1328 2212 Id
1368 2145 1590 2212 amabo
1632 2145 1853 2212 adiuta
1893 2164 2012 2226 me,
2059 2165 2180 2229 quo
2221 2146 2285 2210 id
2326 2146 2439 2212 fiat
2479 2145 2744 2212 facilius.

906 2310 938 2343 „
1069 2263 1210 2327 534.
1257 2260 1387 2326 Fac
1430 2260 1672 2328 amabo.

905 2422 939 2457 „
1066 2376 1206 2440 663.
1245 2374 1396 2442 Vise
1438 2374 1681 2454 amabo,
1721 2393 1876 2441 num
1916 2375 2019 2442 sit.

912 2538 945 2571 ‚,
1074 2489 1218 2554 838.
1260 2487 1420 2556 Vide
1459 2488 1702 2570 amabo,
1766 2489 1822 2556 si
1877 2507 2025 2568 non,
2083 2507 2270 2570 quom
2324 2488 2611 2570 aspicias,
2676 2505 2749 2554 os

1818 2602 2150 2684 impudens
2187 2602 2197 2685 Ι
2235 2601 2534 2668 Videtur!

698 2716 770 2780 In
814 2715 1192 2782 comicorum
1235 2715 1608 2798 fragmentis
1649 2723 1992 2782 occurrunt
2030 2717 2187 2784 haec
2230 2717 2551 2798 exempla:

863 2829 1058 2896 Naev.
1100 2833 1200 2897 82.
1245 2830 1413 2898 Cave
1461 2838 1578 2908 [ne]
1627 2831 1817 2897 cadas
1859 2829 2097 2897 amabo.

865 2944 1055 3011 Titin.
1107 2945 1243 3011 109.
1289 2945 1488 3010 Paula
1525 2963 1689 3025 mea,
1733 2944 1972 3023 amabo,
2016 2945 2120 3026 pol
2158 2950 2335 3010 tuam
2376 2943 2457 3010 ad
2497 2944 2751 3010 laudem

1848 3058 2063 3124 addito
2106 3058 2537 3136 ,Praefiscini‘!

702 3172 1010 3240 Addimus
1055 3172 1316 3254 ,amabo‘
1361 3172 1697 3239 formulam
1726 3173 1918 3241 etiam
1940 3171 2536 3253 interrogationibus
2578 3190 2755 3238 acce-

537 3284 688 3354 dere
729 3287 948 3352 itidem
990 3292 1063 3354 ut
1103 3290 1374 3370 ,quaeso‘
1419 3292 1487 3355 et
1533 3287 1863 3367 ,obsecro‘z

870 3401 1030 3468 Eun.
1075 3403 1216 3467 674.
1260 3400 1482 3468 Haben
1523 3401 1856 3482 hominem,
1900 3399 2168 3466 amabo?

864 3573 892 3594 ς
917 3565 947 3600 „
1077 3519 1220 3583 915.
1262 3514 1524 3596 Amab0‚
1563 3515 1711 3598 quid
1754 3515 1893 3582 ait?

872 3631 1104 3699 Heaut.
1146 3635 1290 3698 404.
1332 3630 1590 3712 Amabo,
1633 3629 1783 3713 quid
1826 3629 2055 3698 tibiet?

797 3809 802 3816 .
871 3743 1025 3811 Hec.
1070 3747 1169 3812 70.
1209 3744 1466 3812 Hiscine
1510 3750 1582 3812 tu
1624 3743 1848 3810 amabo
1888 3762 2011 3810 non
2060 3748 2283 3809 contra
2328 3742 2703 3810 insidiabere
2722 3744 2758 3812 ?

915 3911 950 3945 „
1078 3863 1204 3927 824
1243 3880 1334 3944 sq.
1378 3861 1488 3941 ,Mi
1529 3860 1895 3943 Pamphile‘,
1939 3861 2210 3941 inquam
2255 3858 2516 3940 ‚amab0,

963 3973 1126 4053 Quid
1169 3976 1562 4041 exanimatus
1601 3972 1861 4040 obsecro
1903 3975 2016 4039 es?
2063 4025 2077 4040 .
2122 4023 2135 4038 .
2185 3977 2224 4038 .‘

709 4092 870 4178 (Hoc
912 4093 1049 4159 loco
1089 4111 1216 4158 una
1258 4098 1326 4158 et
1367 4091 1627 4174 ,amabo‘
1675 4096 1743 4157 et
1786 4090 2081 4172 ,obsecro‘
2123 4089 2607 4171 interrogationi
2647 4089 2757 4156 ad-

546 4207 746 4274 ditum
787 4208 1056 4276 inveniri
1096 4209 1480 4300 monemus).'
2690 4241 2697 4248 ·
2758 4285 2761 4292 ,

557 4301 564 4306 ’
876 4322 1064 4388 Titin.
1111 4325 1210 4390 80.
1255 4321 1380 4390 Sed
1422 4329 1490 4389 te
1531 4321 1787 4389 amabo:
1832 4320 1980 4404 quid
2010 4319 2299 4388 desubito
2321 4326 2457 4394 tam
2496 4326 2765 4403 repente

2010 4435 2095 4506 ad
2129 4454 2235 4506 me
2274 4435 2550 4508 venisti?
