3300 4984
1391 417 1482 436 ...
1559 387 1817 451 39...-

710 559 928 638 ,Immo
972 559 1138 625 enim
1188 563 1354 628 ‘nunc
1396 580 1584 645 quom
1639 581 1931 630 maxume
1972 560 2087 629 abs
2126 568 2196 630 te
2235 563 2485 646 postulo
2526 570 2719 647 atque

2009 695 2139 758 oro,
2185 675 2513 757 Chremes,

717 787 808 853 Ut
852 785 1219 854 beneficium
1260 788 1468 856 verbis
1507 789 1735 857 initum
1777 789 2015 857 dudum
2036 809 2201 856 nunc
2242 809 2314 858 re
2336 789 2721 876 comprobes,

673 899 798 984 (Ad
871 899 1133 969 verbum
1204 901 1353 983 ,dro‘
1430 902 1746 971 obiectum
1814 902 1999 971 facile
2068 903 2578 987 subintellegitur
2646 924 2725 972 ex

504 1013 638 1094 ,abs
685 1014 822 1100 te‘.)

716 1129 896 1196 Alius
938 1130 1193 1214 generis
1237 1137 1338 1198 est
1379 1132 1577 1200 Andr.
1622 1151 1682 1200 v.
1729 1134 1855 1199 592
1897 1132 2173 1199 Gnatam
2215 1140 2289 1201 ut
2329 1133 2440 1202 det
2480 1153 2591 1202 oro
2616 1183 2632 1202 .
2658 1179 2679 1199 .
2702 1181 2723 1201 .

505 1242 672 1310 Simo
737 1243 902 1309 enim
959 1243 1075 1310 hoc
1140 1244 1274 1312 loco
1341 1245 1634 1326 alterum,
1700 1263 1965 1328 quocum
2029 1245 2325 1329 loquitur,
2388 1267 2513 1314 non
2561 1253 2723 1330 orat,

503 1356 618 1424 sed
658 1358 835 1424 Davo
879 1364 1120 1439 narrat,
1183 1376 1254 1425 se
1301 1358 1705 1426 Chremetem
1760 1378 1947 1426 orare
1998 1361 2098 1426 vel
2154 1363 2363 1444 potius
2419 1361 2721 1444 oravisse,

503 1478 578 1538 ut
620 1471 807 1538 daret
861 1477 1150 1553 gnatam
1218 1490 1616 1558 nequaquam
1672 1474 1870 1557 igitur
1924 1476 2043 1542 hoc
2100 1475 2234 1543 loco
2287 1477 2490 1543 oratio
2545 1484 2728 1544 recta

503 1591 656 1668 apta
693 1593 886 1653 esset.

669 1699 816 1767 Sine
858 1699 1102 1766 obiecto
1136 1718 1444 1783 personae
1487 1706 1635 1784 ‚oro‘
1679 1708 2071 1771 structuram
2099 1702 2563 1786 hypotacticam
2591 1704 2725 1771 effi·

505 1815 594 1881 cit
633 1816 699 1881 in
748 1815 968 1882 Afran.
1013 1816 1198 1899 frgm.
1241 1821 1355 1884 84:

712 1929 1095 2012 Principium
1137 1930 1254 1997 hoc
1296 1950 1407 1998 oro
1447 1931 1513 1998 in
1553 1931 1762 1999 animo
1804 1937 1878 1998 ut
1917 1931 2009 1997 sic
2042 1937 2299 1999 statuas
2340 1938 2450 1998 tuo
2494 1982 2509 1997 .
2560 1979 2579 1999 .

669 2043 744 2108 In
787 2043 957 2112 Sext.
1002 2044 1193 2126 Turp.
1236 2043 1421 2126 frgm.
1464 2047 1583 2110 211
1616 2048 1729 2126 ‚ut‘
1760 2043 2075 2127 dependet
2114 2063 2191 2110 ex
2231 2045 2545 2113 locutione
2587 2047 2727 2127 ‚hoc

504 2167 571 2227 te
611 2164 784 2227 oro‘:

714 2275 868 2356 ,Hoc
894 2281 960 2341 te
982 2293 1110 2356 oro,
1154 2280 1229 2341 ut
1247 2273 1418 2340 illius
1440 2275 1929 2341 conmiserescas
1954 2275 2291 2341 miserulae
2312 2274 2723 2342 orbitudinis.‘

665 2391 742 2456 In
782 2390 1010 2456 Horati
1050 2389 1440 2456 sermonibus
1484 2394 1745 2470 praeter
1788 2407 1983 2455 unum
2026 2388 2250 2472 locum,
2293 2409 2417 2473 quo
2455 2391 2731 2457 interro—·

507 2506 680 2588 gatio
736 2503 999 2571 verbum
1058 2506 1206 2586 ‚oro‘
1261 2503 1549 2587 sequitur
1607 2504 1965 2585 imperativi
2021 2503 2157 2570 fere
2213 2505 2349 2570 vice
2404 2504 2550 2586 (sat.
2594 2504 2627 2570 I
2668 2506 2727 2586 7,

497 2621 590 2685 '33
632 2637 787 2703 sqq.,
844 2619 970 2684 Per
1011 2636 1292 2701 magnos,
1348 2618 1567 2699 Brute,
1627 2617 1780 2685 deos
1821 2624 1888 2685 te
1924 2618 1935 2701 Ι
1972 2617 2128 2698 Oro,
2194 2619 2300 2700 qui
2353 2636 2541 2699 reges
2583 2635 2729 2683 con-

507 2734 712 2801 sueris
755 2733 1002 2814 tollere,
1045 2752 1157 2800 cur
1199 2752 1323 2799 non
1359 2733 1370 2817 Ι
1408 2732 1590 2799 Hunc
1632 2734 1871 2816 Regem
1914 2733 2161 2816 iugulas
2176 2734 2253 2814 ?)‚
2299 2732 2396 2799 bis
2438 2732 2729 2800 coniunc-

510 2848 680 2916 tivus
720 2847 964 2914 solutus
1007 2865 1148 2913 cum
1192 2851 1342 2927 ‚oro‘
1385 2847 1814 2928 coniungitur:

839 2968 964 3028 sat.
1006 2960 1071 3026 II
1111 2963 1171 3041 4,
1215 2964 1274 3026 5.
1323 2958 1448 3027 Sed
1488 2960 1602 3026 des
1643 2961 1892 3027 veniam
1933 2959 2131 3026 bonus
2172 2979 2299 3025 oro.

842 3079 964 3142 sat.
1005 3075 1069 3140 H
1113 3079 1174 3162 6,
1221 3078 1300 3141 13
1343 3093 1477 3157 sqq.
1521 3075 1658 3141 Hac
1699 3093 1890 3157 prece
1937 3080 2005 3139 te
2044 3093 2185 3140 oro:

929 3190 1210 3272 Pinguae
1251 3207 1446 3272 pecus
1486 3188 1737 3256 domino
1778 3188 1975 3255 facias
2018 3193 2087 3253 et
2128 3193 2347 3253 cetera
2385 3191 2645 3269 praeter

931 3304 1280 3386 Ingenium,
1321 3309 1521 3386 utque
1563 3303 1731 3370 soles
1770 3307 1983 3368 custos
2024 3301 2177 3367 mihi
2198 3299 2506 3366 maximus
2528 3300 2727 3368 adsis!

677 3417 1350 3501 (Animadvertendum
1407 3424 1508 3484 est
1526 3469 1541 3498 ‚
1607 3415 1828 3482 eodem
1884 3415 2023 3481 iure
2081 3415 2431 3481 orationem
2484 3419 2757 3510 rectam=

512 3536 765 3598 exstare
806 3549 920 3598 nos
963 3529 1193 3609 dicere,
1254 3549 1414 3614 quae
1458 3528 1665 3596 verbis
1723 3529 1862 3610 ,hac
1903 3533 2110 3610 prece‘
2156 3526 2527 3609 antepositis
2569 3526 2735 3592 indi-

511 3647 739 3729 catur.)

678 3758 1088 3826 Memorando
1128 3758 1354 3841 dignus
1398 3761 1499 3824 est
1539 3755 1731 3824 etiam
1772 3755 1876 3822 hic
1917 3753 2127 3820 locus:

839 3879 962 3941 sat.
1006 3873 1088 3941 11.
1132 3875 1190 3954 6,
1234 3876 1317 3939 34
1357 3890 1491 3955 sqq.
1533 3872 1721 3952 ,Ante
1762 3868 2101 3936 secundam

931 3989 1192 4055 Roscius
1233 3985 1457 4054 orabat
1496 3984 1616 4052 sibi
1656 3984 1739 4051 ad
1781 4002 1955 4051 esses
1994 3981 2079 4047 ad
2120 3980 2347 4048 Puteal
2391 3985 2572 4046 cras‘.

938 4103 1054 4182 ,De
1111 4120 1184 4168 re
1243 4101 1552 4168 communi
1606 4098 1851 4165 scribae
1906 4113 2138 4178 magna
2198 4100 2389 4177 atque
2442 4111 2605 4159 nova
2658 4101 2725 4158 te

935 4215 1219 4283 Orabant
1259 4214 1444 4282 hodie
1487 4213 1896 4291 meminisseS,
1940 4209 2191 4290 Quinte,
2234 4207 2512 4274 reverti·.

514 4333 776 4402 Formas
861 4330 1121 4412 ‚orabat‘
1211 4337 1276 4396 et
1361 4327 1664 4410 ,orabant‘
1747 4325 1851 4391 hic
1929 4324 2216 4408 sequitur
2297 4319 2725 4388 coniunctivus

512 4446 775 4528 solutus,
832 4446 934 4515 cui
990 4443 1486 4516 coniunctionem
1530 4445 1639 4527 ,ut‘
1676 4440 2011 4516 ,adiectam
2067 4455 2209 4506 esse
2267 4441 2722 4522 exspectamus.
