3300 4984
1439 396 1901 462 ...105⁵-

553 591 742 656 quem
761 584 768 592 ·
789 591 829 638 a
867 571 1112 639 Klettio
1141 571 1190 654 1)
1231 571 1652 654 proscriptum
1686 578 1753 638 et
1775 571 2144 638 Fleckeisen
2176 577 2237 638 et
2270 571 2574 638 Dziatzko
2602 571 2775 638 dele-
2887 647 2889 649 ‚

555 694 694 755 tum
735 687 971 754 volunt.
1059 687 1358 768 (Spengel
1401 691 1468 753 et
1497 684 1778 751 Conradt
1800 687 1851 769 2)
1895 686 2059 752 hunc
2085 705 2340 752 versum
2363 687 2773 769 suspiciosum

552 802 649 868 ita
689 801 1034 867 restituere
1076 805 1417 868 conanturt
1501 801 1606 880 ‚Et
1663 801 1891 867 timent
1946 801 2263 881 denegare
2308 806 2375 865 et
2413 805 2627 866 tamen
2669 819 2775 866 res

552 916 854 998 premit‘.)

723 1030 993 1094 Exstant
1033 1035 1374 1110 praeterea
1418 1030 1724 1110 exempla,
1770 1028 1878 1095 ubi
1918 1029 2333 1110 enuntiatum,
2378 1046 2501 1111 quo
2522 1033 2775 1094 senten-

552 1142 643 1210 tia
664 1143 1027 1232 concessiva
1049 1143 1431 1224 continetur,
1478 1143 1977 1210 enuntiationem
2005 1142 2273 1208 alteram
2300 1142 2589 1225 sequitur
2632 1160 2775 1208 con-

551 1257 872 1324 iunctione
913 1260 1156 1340 ,neque‘
1200 1259 1621 1337 coniunctum,
1663 1275 1828 1340 quae
1872 1256 2043 1323 idem
2085 1255 2250 1338 quod
2292 1274 2519 1340 ‚neque
2540 1260 2773 1324 tamen‘

555 1372 758 1440 valet:

887 1484 1048 1551 Eun.
1087 1487 1232 1550 243.
1277 1483 1500 1550 Omnia
1542 1483 1763 1566 habeo,
1806 1503 2013 1568 neque
2055 1484 2388 1571 quicquam
2428 1484 2650 1552 habeo.

553 1601 650 1666 Ex
691 1598 920 1682 verbis,
965 1617 1126 1682 quae
1171 1598 1648 1666 continuantur.
1697 1598 1804 1680 ,1111
1847 1617 2033 1682 quom
2077 1603 2195 1680 est,
2240 1599 2329 1663 nil
2356 1597 2512 1664 defit
2537 1601 2773 1678 tamen,

550 1714 886 1796 intelleges
923 1730 1232 1780 summam
1263 1712 1620 1779 sententiae
1641 1713 1912 1795 positam
1953 1731 2091 1780 esse
2114 1712 2178 1785 in
2210 1712 2535 1780 enuntiato
2562 1711 2773 1793 priore

555 1826 780 1908 ,omnia
822 1825 1040 1892 habeo‘
1110 1832 1176 1891 et
1231 1807 1506 1892 alterum
1563 1809 1960 1893 enuntiatum
2017 1825 2202 1894 facile
2258 1824 2549 1907 subiungi
2590 1842 2774 1907 posse

553 1929 678 2009 sic·
731 1957 1128 2023 ‚quamquam
1170 1939 1325 2004 nihil
1365 1938 1604 2006 habeo‘.
1693 1939 2077 2020 (Vernacula
2117 1939 2331 2022 lingua
2374 1936 2640 2004 eandem
2681 1937 2776 2002 di-

554 2055 736 2122 cendi
775 2055 1086 2120 rationem
1129 2053 1434 2136 sequitur,
1478 2072 1621 2120 cum
1663 2055 1989 2137 aptissime
2031 2059 2380 2121 vertamus:
2437 2053 2567 2134 ,Ich
2609 2050 2774 2137 habe

551 2169 711 2236 alles
752 2168 882 2234 und
922 2166 1088 2233 habe
1129 2167 1289 2233 doch
1334 2167 1727 2252 (eigentlich)
1768 2187 1884 2251 gar
1932 2166 2207 2250 nichts‘.)

717 2281 954 2350 Eodem
995 2281 1179 2347 modo
1223 2280 1626 2363 explicandus
1670 2288 1771 2348 est
1814 2287 1881 2348 et

890 2397 1048 2464 Eun.
1090 2416 1147 2463 v.
1191 2399 1316 2461 248
1359 2413 1449 2478 sq.
1515 2397 1634 2462 Est
1676 2415 1877 2479 genus
1911 2394 2249 2476 hominum,
2323 2394 2427 2477 qui
2466 2411 2607 2460 esse
2648 2393 2774 2474 pri-

1469 2529 1605 2577 mos
1645 2529 1715 2577 se
1759 2510 2033 2576 omnium
2076 2527 2289 2575 rerum
2330 2509 2567 2589 volunt,

980 2625 1113 2692 Nec
1154 2632 1306 2692 sunt
1329 2623 1402 2708 ³).

888 2745 958 2806 et
1000 2739 1197 2806 Andr.
1247 2759 1305 2806 v.
1357 2741 1475 2804 137
1517 2755 1610 2820 sq.
1656 2735 1872 2802 Redeo
1913 2734 2061 2800 inde
2101 2734 2307 2799 iratus
2351 2739 2543 2816 atque
2586 2750 2780 2816 aegre

2322 2847 2564 2928 ferens;

978 2969 1113 3035 Nec
1156 2967 1314 3034 ,satis
1357 2965 1438 3032 ad
1479 2962 1935 3044 obiurgandum
1978 2981 2207 3029 causae
2228 2959 2302 3046 ⁴).

558 3081 1011 3166 corrigendum
1068 3082 1264 3164 igitur
1322 3085 1422 3145 est
1472 3079 1557 3158 id,
1615 3076 1782 3159 quod
1837 3077 2124 3158 Draeger
2184 3076 2261 3159 (ἓ.
2309 3078 2450 3155 318,
2498 3074 2564 3158 ’1)
2608 3071 2779 3138 affir-

558 3200 783 3265 mavit:
875 3198 1116 3280 ,Neque
1159 3199 1323 3262 statt
1369 3183 1549 3259 einer
1595 3190 2040 3258 adversativen
2095 3189 2508 3270 Verbindung
2560 3191 2777 3254 zuerst

554 3313 658 3379 bei
699 3311 827 3378 Cic.
871 3312 951 3377 de
993 3329 1083 3377 or.
1127 3311 1207 3391 Π,
1252 3311 1332 3375 68
1379 3315 1498 3374 etc.

723 3445 908 3527 Apud
948 3441 1284 3508 Horatium
1327 3457 1573 3523 quoque
1619 3439 2045 3518 enuntiatum,
2106 3455 2228 3518 quo
2273 3435 2593 3502 sententia
2632 3450 2775 3499 con-

558 3559 800 3626 cessiva
843 3556 1220 3636 continetur,
1265 3553 1592 3636 particulis
1636 3559 1723 3633 ,et
1755 3603 1809 3619 ..
1843 3553 2080 3617 tamen‘
2111 3567 2426 3631 ‚conexum
2468 3547 2773 3630 sequitur.

853 3685 858 3689 ’
891 3695 1014 3757 sat.
1058 3689 1110 3769 Ι,
1157 3690 1255 3770 10,
1300 3692 1338 3753 ’1
1383 3705 1476 3770 sq.
1560 3689 1733 3768 Ergo
1791 3704 1916 3751 non
1955 3684 2114 3752 satis
2156 3689 2256 3750 est
2298 3682 2432 3748 risu
2473 3679 2773 3746 diducere

2331 3797 2563 3863 rictum

704 4055 759 4123 1)
798 4053 867 4109 of.
905 4053 1122 4122 Klette,
1163 4049 1410 4106 Exercit.
1449 4047 1680 4104 Terent.
1719 4046 1862 4102 Diss.
1902 4045 2095 4116 inaug.
2134 4043 2307 4102 Bonn.
2337 4041 2473 4098 1855
2509 4058 2563 4112 p.
2601 4040 2668 4095 11
2693 4055 2772 4108 sq.

699 4159 757 4227 2)
796 4155 1057 4225 Conradt,
1095 4153 1199 4209 Dic
1235 4159 1398 4208 metr.
1439 4153 1620 4221 Comp.
1661 4150 1712 4206 d.
1750 4150 1895 4207 Com.
1934 4149 1985 4205 d.
2024 4148 2149 4204 Ter.
2189 4145 2379 4202 Berlin
2400 4145 2539 4200 1876
2572 4160 2621 4214 p.
2654 4141 2770 4195 189.

699 4262 754 4332 3)
793 4258 901 4327 Qui
936 4259 1090 4314 locus
1140 4255 1440 4314 vertendus
1491 4260 1579 4310 est
1615 4252 1726 4309 sic:
1790 4251 2015 4323 ,welche
2064 4249 2154 4305 die
2190 4253 2380 4305 ersten
2416 4247 2536 4302 sein
2572 4244 2771 4299 wollen

557 4365 670 4423 und
708 4380 767 4420 es
805 4363 943 4420 doch
979 4362 1137 4418 nicht
1173 4360 1312 4416 sind‘
1349 4379 1418 4408 =
1457 4359 1616 4426 ,ohne
1652 4373 1713 4412 es
1753 4371 1824 4412 zu
1862 4355 2014 4411 sein‘.

703 4469 760 4548 4)
796 4467 868 4528 cf.
905 4465 1146 4544 Spengel
1182 4465 1255 4521 ad
1290 4465 1342 4521 h.
1380 4463 1448 4520 L:
1487 4461 1618 4535 ‚Nec
1658 4477 1725 4510 =
1763 4473 1941 4532 neque
1978 4457 2201 4515 tamen‘.
