<?xml version="1.0" encoding="UTF-8"?>
<!DOCTYPE html PUBLIC "-//W3C//DTD XHTML 1.0 Transitional//EN"
    "http://www.w3.org/TR/xhtml1/DTD/xhtml1-transitional.dtd">
<html xmlns="http://www.w3.org/1999/xhtml" xml:lang="en" lang="en">
 <head>
  <title>
</title>
<meta http-equiv="Content-Type" content="text/html;charset=utf-8" />
  <meta name='ocr-system' content='tesseract 3.04.00' />
  <meta name='ocr-capabilities' content='ocr_page ocr_carea ocr_par ocr_line ocrx_word'/>
</head>
<body>
  <div class='ocr_page' id='page_1' title='image "./deparataxisinte00wenigoog_0108.png"; bbox 0 0 3300 4984; ppageno 0'>
   <div class='ocr_carea' id='block_1_1' title="bbox 1468 396 1927 461">
    <p class='ocr_par' dir='ltr' id='par_1_1' title="bbox 1468 396 1927 461">
     <span class='ocr_line' id='line_1_1' title="bbox 1468 396 1927 461; baseline -0.004 -15"><span class='ocrx_word' id='word_1_1' title='bbox 1468 396 1927 461; x_wconf 72' lang='lat'>...104—</span> 
     </span>
    </p>
   </div>
   <div class='ocr_carea' id='block_1_2' title="bbox 572 567 2805 3718">
    <p class='ocr_par' dir='ltr' id='par_1_2' title="bbox 582 567 2805 884">
     <span class='ocr_line' id='line_1_2' title="bbox 582 567 2804 655; baseline -0 -19"><span class='ocrx_word' id='word_1_2' title='bbox 582 567 864 652; x_wconf 85' lang='lat' dir='ltr'>adnotat,</span> <span class='ocrx_word' id='word_1_3' title='bbox 929 571 1030 638; x_wconf 89' lang='lat' dir='ltr'>cui</span> <span class='ocrx_word' id='word_1_4' title='bbox 1067 570 1364 638; x_wconf 75' lang='lat' dir='ltr'>assentiri</span> <span class='ocrx_word' id='word_1_5' title='bbox 1425 591 1548 638; x_wconf 89' lang='lat' dir='ltr'>non</span> <span class='ocrx_word' id='word_1_6' title='bbox 1607 570 1844 640; x_wconf 83' lang='lat' dir='ltr'>dubito.</span> <span class='ocrx_word' id='word_1_7' title='bbox 1930 571 2152 655; x_wconf 81' lang='lat' dir='ltr'>Neque</span> <span class='ocrx_word' id='word_1_8' title='bbox 2213 590 2467 640; x_wconf 88' lang='lat' dir='ltr'>causam</span> <span class='ocrx_word' id='word_1_9' title='bbox 2522 570 2804 636; x_wconf 73' lang='lat' dir='ltr'>invenioe</span> 
     </span>
     <span class='ocr_line' id='line_1_3' title="bbox 583 667 2805 767; baseline -0.002 -15"><span class='ocrx_word' id='word_1_10' title='bbox 583 703 858 767; x_wconf 88' lang='lat' dir='ltr'>possum,</span> <span class='ocrx_word' id='word_1_11' title='bbox 903 703 1016 752; x_wconf 91' lang='lat' dir='ltr'>cur</span> <span class='ocrx_word' id='word_1_12' title='bbox 1055 667 1496 767; x_wconf 85' lang='lat' dir='ltr'>Umpfenbach</span> <span class='ocrx_word' id='word_1_13' title='bbox 1538 705 1576 752; x_wconf 88' lang='lat' dir='ltr'>a</span> <span class='ocrx_word' id='word_1_14' title='bbox 1619 685 1901 752; x_wconf 86' lang='lat' dir='ltr'>codicum</span> <span class='ocrx_word' id='word_1_15' title='bbox 1940 686 2209 753; x_wconf 89' lang='lat' dir='ltr'>lectione</span> <span class='ocrx_word' id='word_1_16' title='bbox 2248 686 2554 754; x_wconf 80' lang='lat' dir='ltr'><strong>recedens</strong></span> <span class='ocrx_word' id='word_1_17' title='bbox 2594 683 2805 766; x_wconf 84' lang='lat' dir='ltr'>Guye-</span> 
     </span>
     <span class='ocr_line' id='line_1_4' title="bbox 586 799 2093 884; baseline 0.002 -20"><span class='ocrx_word' id='word_1_18' title='bbox 586 803 721 866; x_wconf 90' lang='lat' dir='ltr'>tum</span> <span class='ocrx_word' id='word_1_19' title='bbox 765 805 1022 871; x_wconf 89' lang='lat' dir='ltr'>secutus</span> <span class='ocrx_word' id='word_1_20' title='bbox 1065 799 1392 882; x_wconf 88' lang='lat' dir='ltr'>scripserit</span> <span class='ocrx_word' id='word_1_21' title='bbox 1437 799 1626 880; x_wconf 89' lang='lat' dir='ltr'>,servi</span> <span class='ocrx_word' id='word_1_22' title='bbox 1670 799 2093 884; x_wconf 87' lang='lat' dir='ltr'>complures‘.)</span> 
     </span>
    </p>

    <p class='ocr_par' dir='ltr' id='par_1_3' title="bbox 750 911 2383 996">
     <span class='ocr_line' id='line_1_5' title="bbox 750 911 2383 996; baseline 0.001 -18"><span class='ocrx_word' id='word_1_23' title='bbox 750 912 850 978; x_wconf 89' lang='lat' dir='ltr'>Ad</span> <span class='ocrx_word' id='word_1_24' title='bbox 890 911 1239 995; x_wconf 76' lang='lat' dir='ltr'><strong>asyndeton</strong></span> <span class='ocrx_word' id='word_1_25' title='bbox 1279 913 1711 980; x_wconf 89' lang='lat' dir='ltr'>concessivum</span> <span class='ocrx_word' id='word_1_26' title='bbox 1750 913 2025 996; x_wconf 81' lang='lat' dir='ltr'>Spengel</span> <span class='ocrx_word' id='word_1_27' title='bbox 2063 913 2383 982; x_wconf 82' lang='lat' dir='ltr'>revocavit</span> 
     </span>
    </p>

    <p class='ocr_par' dir='ltr' id='par_1_4' title="bbox 579 1026 2801 1796">
     <span class='ocr_line' id='line_1_6' title="bbox 919 1026 1877 1111; baseline 0.001 -19"><span class='ocrx_word' id='word_1_28' title='bbox 919 1027 1114 1094; x_wconf 87' lang='lat' dir='ltr'>Andr.</span> <span class='ocrx_word' id='word_1_29' title='bbox 1158 1029 1280 1093; x_wconf 84' lang='lat'>729</span> <span class='ocrx_word' id='word_1_30' title='bbox 1321 1045 1445 1111; x_wconf 88' lang='lat' dir='ltr'>sq.:</span> <span class='ocrx_word' id='word_1_31' title='bbox 1532 1026 1877 1111; x_wconf 79' lang='lat' dir='ltr'>Intellego:</span> 
     </span>
     <span class='ocr_line' id='line_1_7' title="bbox 1008 1141 2431 1242; baseline 0.001 -35"><span class='ocrx_word' id='word_1_32' title='bbox 1008 1142 1187 1208; x_wconf 82' lang='lat' dir='ltr'>Nova</span> <span class='ocrx_word' id='word_1_33' title='bbox 1229 1161 1396 1209; x_wconf 89' lang='lat' dir='ltr'>nunc</span> <span class='ocrx_word' id='word_1_34' title='bbox 1437 1142 1657 1242; x_wconf 77' lang='lat' dir='ltr'>religio</span> <span class='ocrx_word' id='word_1_35' title='bbox 1698 1143 1765 1208; x_wconf 92' lang='lat' dir='ltr'>in</span> <span class='ocrx_word' id='word_1_36' title='bbox 1807 1146 1873 1207; x_wconf 90' lang='lat' dir='ltr'>te</span> <span class='ocrx_word' id='word_1_37' title='bbox 1913 1143 2113 1209; x_wconf 81' lang='lat' dir='ltr'>istaec</span> <span class='ocrx_word' id='word_1_38' title='bbox 2154 1141 2431 1210; x_wconf 79' lang='lat' dir='ltr'>incessit.</span> 
     </span>
     <span class='ocr_line' id='line_1_8' title="bbox 583 1255 2801 1340; baseline -0 -18"><span class='ocrx_word' id='word_1_39' title='bbox 583 1256 746 1324; x_wconf 88' lang='lat' dir='ltr'>Nam</span> <span class='ocrx_word' id='word_1_40' title='bbox 773 1257 1049 1324; x_wconf 86' lang='lat' dir='ltr'>alterum</span> <span class='ocrx_word' id='word_1_41' title='bbox 1077 1257 1474 1324; x_wconf 90' lang='lat' dir='ltr'>enuntiatum</span> <span class='ocrx_word' id='word_1_42' title='bbox 1494 1257 1689 1339; x_wconf 88' lang='lat' dir='ltr'>priori</span> <span class='ocrx_word' id='word_1_43' title='bbox 1712 1255 2052 1340; x_wconf 88' lang='lat' dir='ltr'>,intellego‘</span> <span class='ocrx_word' id='word_1_44' title='bbox 2083 1257 2519 1324; x_wconf 90' lang='lat' dir='ltr'>coniunctione</span> <span class='ocrx_word' id='word_1_45' title='bbox 2564 1273 2801 1340; x_wconf 87' lang='lat' dir='ltr'>‚quam-</span> 
     </span>
     <span class='ocr_line' id='line_1_9' title="bbox 583 1367 2801 1453; baseline -0.002 -15"><span class='ocrx_word' id='word_1_46' title='bbox 583 1373 789 1453; x_wconf 88' lang='lat' dir='ltr'>quam‘</span> <span class='ocrx_word' id='word_1_47' title='bbox 834 1371 938 1436; x_wconf 86' lang='lat' dir='ltr'>vel</span> <span class='ocrx_word' id='word_1_48' title='bbox 981 1369 1133 1452; x_wconf 90' lang='lat' dir='ltr'>,sed‘</span> <span class='ocrx_word' id='word_1_49' title='bbox 1180 1369 1468 1451; x_wconf 86' lang='lat' dir='ltr'>coniungi</span> <span class='ocrx_word' id='word_1_50' title='bbox 1509 1387 1696 1451; x_wconf 89' lang='lat' dir='ltr'>posse</span> <span class='ocrx_word' id='word_1_51' title='bbox 1738 1367 2037 1436; x_wconf 87' lang='lat' dir='ltr'>affirmat.</span> <span class='ocrx_word' id='word_1_52' title='bbox 2119 1370 2378 1436; x_wconf 75' lang='lat' dir='ltr'>Rectius</span> <span class='ocrx_word' id='word_1_53' title='bbox 2422 1376 2641 1437; x_wconf 87' lang='lat' dir='ltr'>autem</span> <span class='ocrx_word' id='word_1_54' title='bbox 2681 1368 2801 1434; x_wconf 88' lang='lat' dir='ltr'>hac</span> 
     </span>
     <span class='ocr_line' id='line_1_10' title="bbox 581 1481 2801 1567; baseline -0.002 -16"><span class='ocrx_word' id='word_1_55' title='bbox 581 1485 904 1552; x_wconf 87' lang='lat' dir='ltr'>sententia</span> <span class='ocrx_word' id='word_1_56' title='bbox 950 1485 1247 1567; x_wconf 84' lang='lat' dir='ltr'>explicari</span> <span class='ocrx_word' id='word_1_57' title='bbox 1302 1483 1457 1549; x_wconf 89' lang='lat' dir='ltr'>mihi</span> <span class='ocrx_word' id='word_1_58' title='bbox 1510 1481 1780 1562; x_wconf 90' lang='lat' dir='ltr'>videtur,</span> <span class='ocrx_word' id='word_1_59' title='bbox 1841 1500 2029 1565; x_wconf 89' lang='lat' dir='ltr'>quam</span> <span class='ocrx_word' id='word_1_60' title='bbox 2085 1483 2165 1549; x_wconf 89' lang='lat' dir='ltr'>ob</span> <span class='ocrx_word' id='word_1_61' title='bbox 2218 1501 2354 1550; x_wconf 85' lang='lat' dir='ltr'>rem</span> <span class='ocrx_word' id='word_1_62' title='bbox 2410 1484 2625 1549; x_wconf 86' lang='lat' dir='ltr'>Davus</span> <span class='ocrx_word' id='word_1_63' title='bbox 2678 1500 2801 1547; x_wconf 92' lang='lat' dir='ltr'>non</span> 
     </span>
     <span class='ocr_line' id='line_1_11' title="bbox 582 1595 2800 1682; baseline -0.002 -16"><span class='ocrx_word' id='word_1_64' title='bbox 582 1598 794 1681; x_wconf 84' lang='lat' dir='ltr'>faciat,</span> <span class='ocrx_word' id='word_1_65' title='bbox 837 1599 1006 1682; x_wconf 90' lang='lat' dir='ltr'>quod</span> <span class='ocrx_word' id='word_1_66' title='bbox 1046 1599 1254 1681; x_wconf 86' lang='lat' dir='ltr'>Mysin</span> <span class='ocrx_word' id='word_1_67' title='bbox 1295 1597 1506 1664; x_wconf 86' lang='lat' dir='ltr'>facere</span> <span class='ocrx_word' id='word_1_68' title='bbox 1549 1596 1744 1678; x_wconf 91' lang='lat' dir='ltr'>iubet,</span> <span class='ocrx_word' id='word_1_69' title='bbox 1790 1602 1864 1663; x_wconf 91' lang='lat' dir='ltr'>ut</span> <span class='ocrx_word' id='word_1_70' title='bbox 1903 1597 2196 1664; x_wconf 84' lang='lat' dir='ltr'>verbenis</span> <span class='ocrx_word' id='word_1_71' title='bbox 2238 1597 2509 1679; x_wconf 88' lang='lat' dir='ltr'>sumptis</span> <span class='ocrx_word' id='word_1_72' title='bbox 2550 1603 2617 1664; x_wconf 91' lang='lat' dir='ltr'>et</span> <span class='ocrx_word' id='word_1_73' title='bbox 2655 1595 2800 1663; x_wconf 91' lang='lat' dir='ltr'>sub-</span> 
     </span>
     <span class='ocr_line' id='line_1_12' title="bbox 579 1695 2014 1796; baseline -0.001 -18"><span class='ocrx_word' id='word_1_74' title='bbox 579 1713 803 1779; x_wconf 89' lang='lat' dir='ltr'>stratis</span> <span class='ocrx_word' id='word_1_75' title='bbox 825 1695 1112 1796; x_wconf 49' lang='lat' dir='ltr'>‘puerum</span> <span class='ocrx_word' id='word_1_76' title='bbox 1155 1716 1304 1777; x_wconf 89' lang='lat' dir='ltr'>ante</span> <span class='ocrx_word' id='word_1_77' title='bbox 1345 1711 1597 1776; x_wconf 89' lang='lat' dir='ltr'>ianuam</span> <span class='ocrx_word' id='word_1_78' title='bbox 1641 1708 1921 1792; x_wconf 85' lang='lat' dir='ltr'>adponat</span> <span class='ocrx_word' id='word_1_79' title='bbox 1941 1710 2014 1793; x_wconf 80' lang='lat'>1).</span> 
     </span>
    </p>

    <p class='ocr_par' dir='ltr' id='par_1_5' title="bbox 572 1823 2799 3277">
     <span class='ocr_line' id='line_1_13' title="bbox 748 1823 2799 1919; baseline -0 -28"><span class='ocrx_word' id='word_1_80' title='bbox 748 1826 950 1896; x_wconf 91' lang='lat' dir='ltr'>Multo</span> <span class='ocrx_word' id='word_1_81' title='bbox 1005 1826 1360 1919; x_wconf 80' lang='lat' dir='ltr'>crebriores</span> <span class='ocrx_word' id='word_1_82' title='bbox 1414 1823 1460 1892; x_wconf 91' lang='lat' dir='ltr'>ii</span> <span class='ocrx_word' id='word_1_83' title='bbox 1511 1830 1663 1892; x_wconf 92' lang='lat' dir='ltr'>sunt</span> <span class='ocrx_word' id='word_1_84' title='bbox 1716 1825 1855 1906; x_wconf 90' lang='lat' dir='ltr'>loci,</span> <span class='ocrx_word' id='word_1_85' title='bbox 1930 1825 2151 1907; x_wconf 90' lang='lat' dir='ltr'>quibus</span> <span class='ocrx_word' id='word_1_86' title='bbox 2192 1824 2567 1908; x_wconf 81' lang='lat' dir='ltr'>particulae,</span> <span class='ocrx_word' id='word_1_87' title='bbox 2638 1843 2799 1909; x_wconf 89' lang='lat' dir='ltr'>quae</span> 
     </span>
     <span class='ocr_line' id='line_1_14' title="bbox 581 1939 2798 2022; baseline -0 -17"><span class='ocrx_word' id='word_1_88' title='bbox 581 1940 898 2022; x_wconf 82' lang='lat' dir='ltr'>dicuntur,</span> <span class='ocrx_word' id='word_1_89' title='bbox 941 1939 1381 2008; x_wconf 86' lang='lat' dir='ltr'>adversativae</span> <span class='ocrx_word' id='word_1_90' title='bbox 1426 1939 1771 2006; x_wconf 85' lang='lat' dir='ltr'>enuntiatis</span> <span class='ocrx_word' id='word_1_91' title='bbox 1792 1939 2039 2007; x_wconf 90' lang='lat' dir='ltr'>ratione</span> <span class='ocrx_word' id='word_1_92' title='bbox 2069 1940 2429 2007; x_wconf 86' lang='lat' dir='ltr'>concessiva</span> <span class='ocrx_word' id='word_1_93' title='bbox 2460 1940 2798 2006; x_wconf 88' lang='lat' dir='ltr'>cohaeren-</span> 
     </span>
     <span class='ocr_line' id='line_1_15' title="bbox 580 2053 2797 2139; baseline -0.001 -18"><span class='ocrx_word' id='word_1_94' title='bbox 580 2054 749 2122; x_wconf 85' lang='lat' dir='ltr'>tibus</span> <span class='ocrx_word' id='word_1_95' title='bbox 789 2054 1209 2122; x_wconf 89' lang='lat' dir='ltr'>intercedant.</span> <span class='ocrx_word' id='word_1_96' title='bbox 1294 2053 1421 2121; x_wconf 87' lang='lat' dir='ltr'>Sed</span> <span class='ocrx_word' id='word_1_97' title='bbox 1461 2054 1697 2121; x_wconf 89' lang='lat' dir='ltr'>iterum</span> <span class='ocrx_word' id='word_1_98' title='bbox 1745 2054 2103 2139; x_wconf 90' lang='lat' dir='ltr'>iterumque</span> <span class='ocrx_word' id='word_1_99' title='bbox 2160 2073 2486 2122; x_wconf 91' lang='lat' dir='ltr'>monemus</span> <span class='ocrx_word' id='word_1_100' title='bbox 2538 2055 2606 2120; x_wconf 92' lang='lat' dir='ltr'>in</span> <span class='ocrx_word' id='word_1_101' title='bbox 2662 2053 2797 2120; x_wconf 91' lang='lat' dir='ltr'>eius</span> 
     </span>
     <span class='ocr_line' id='line_1_16' title="bbox 578 2151 2798 2254; baseline -0.001 -19"><span class='ocrx_word' id='word_1_102' title='bbox 578 2169 748 2236; x_wconf 93' lang='lat' dir='ltr'>modi</span> <span class='ocrx_word' id='word_1_103' title='bbox 791 2170 1093 2253; x_wconf 84' lang='lat' dir='ltr'>exemplis</span> <span class='ocrx_word' id='word_1_104' title='bbox 1135 2151 1328 2252; x_wconf 82' lang='lat' dir='ltr'>saepe</span> <span class='ocrx_word' id='word_1_105' title='bbox 1368 2170 1470 2236; x_wconf 84' lang='lat' dir='ltr'>vix</span> <span class='ocrx_word' id='word_1_106' title='bbox 1521 2169 1794 2236; x_wconf 90' lang='lat' dir='ltr'>discerni</span> <span class='ocrx_word' id='word_1_107' title='bbox 1846 2189 2031 2254; x_wconf 90' lang='lat' dir='ltr'>posse</span> <span class='ocrx_word' id='word_1_108' title='bbox 2049 2222 2065 2252; x_wconf 92' lang='lat'>,</span> <span class='ocrx_word' id='word_1_109' title='bbox 2140 2178 2356 2237; x_wconf 87' lang='lat' dir='ltr'>utrum</span> <span class='ocrx_word' id='word_1_110' title='bbox 2401 2169 2798 2236; x_wconf 91' lang='lat' dir='ltr'>enuntiatum</span> 
     </span>
     <span class='ocr_line' id='line_1_17' title="bbox 577 2269 2796 2367; baseline -0.001 -18"><span class='ocrx_word' id='word_1_111' title='bbox 577 2282 834 2350; x_wconf 88' lang='lat' dir='ltr'>maioris</span> <span class='ocrx_word' id='word_1_112' title='bbox 896 2283 984 2350; x_wconf 91' lang='lat' dir='ltr'>sit</span> <span class='ocrx_word' id='word_1_113' title='bbox 1042 2284 1362 2366; x_wconf 90' lang='lat' dir='ltr'>momenti,</span> <span class='ocrx_word' id='word_1_114' title='bbox 1435 2290 1509 2351; x_wconf 92' lang='lat' dir='ltr'>ut</span> <span class='ocrx_word' id='word_1_115' title='bbox 1571 2284 1846 2351; x_wconf 90' lang='lat' dir='ltr'>alterum</span> <span class='ocrx_word' id='word_1_116' title='bbox 1903 2285 1962 2350; x_wconf 91' lang='lat' dir='ltr'>ei</span> <span class='ocrx_word' id='word_1_117' title='bbox 2025 2269 2528 2367; x_wconf 86' lang='lat' dir='ltr'>subiungendum</span> <span class='ocrx_word' id='word_1_118' title='bbox 2577 2284 2664 2349; x_wconf 92' lang='lat' dir='ltr'>sit</span> <span class='ocrx_word' id='word_1_119' title='bbox 2719 2301 2796 2348; x_wconf 86' lang='lat' dir='ltr'>ex</span> 
     </span>
     <span class='ocr_line' id='line_1_18' title="bbox 579 2382 2795 2480; baseline -0.001 -18"><span class='ocrx_word' id='word_1_120' title='bbox 579 2396 1002 2463; x_wconf 86' lang='lat' dir='ltr'>severioribus</span> <span class='ocrx_word' id='word_1_121' title='bbox 1043 2396 1324 2478; x_wconf 85' lang='lat' dir='ltr'>syntaxis</span> <span class='ocrx_word' id='word_1_122' title='bbox 1365 2395 1630 2478; x_wconf 88' lang='lat' dir='ltr'>legibus.</span> <span class='ocrx_word' id='word_1_123' title='bbox 1675 2382 1679 2387; x_wconf 60' lang='grc'><strong>’</strong></span> <span class='ocrx_word' id='word_1_124' title='bbox 1716 2398 1989 2464; x_wconf 89' lang='lat' dir='ltr'>Tantum</span> <span class='ocrx_word' id='word_1_125' title='bbox 2032 2397 2229 2480; x_wconf 86' lang='lat' dir='ltr'>igitur</span> <span class='ocrx_word' id='word_1_126' title='bbox 2268 2397 2469 2477; x_wconf 89' lang='lat' dir='ltr'>abest,</span> <span class='ocrx_word' id='word_1_127' title='bbox 2511 2402 2586 2463; x_wconf 90' lang='lat' dir='ltr'>ut</span> <span class='ocrx_word' id='word_1_128' title='bbox 2612 2414 2795 2478; x_wconf 86' lang='lat' dir='ltr'>para-</span> 
     </span>
     <span class='ocr_line' id='line_1_19' title="bbox 575 2511 2797 2594; baseline -0.001 -16"><span class='ocrx_word' id='word_1_129' title='bbox 575 2512 872 2578; x_wconf 89' lang='lat' dir='ltr'>tacticam</span> <span class='ocrx_word' id='word_1_130' title='bbox 914 2516 1301 2578; x_wconf 87' lang='lat' dir='ltr'>structuram</span> <span class='ocrx_word' id='word_1_131' title='bbox 1365 2511 1490 2578; x_wconf 89' lang='lat' dir='ltr'>illis</span> <span class='ocrx_word' id='word_1_132' title='bbox 1543 2511 1698 2578; x_wconf 86' lang='lat' dir='ltr'>locis</span> <span class='ocrx_word' id='word_1_133' title='bbox 1755 2511 2189 2594; x_wconf 84' lang='lat' dir='ltr'>hypotacticae</span> <span class='ocrx_word' id='word_1_134' title='bbox 2242 2513 2375 2580; x_wconf 91' lang='lat' dir='ltr'>loco</span> <span class='ocrx_word' id='word_1_135' title='bbox 2426 2517 2797 2593; x_wconf 87' lang='lat' dir='ltr'>usurpatam</span> 
     </span>
     <span class='ocr_line' id='line_1_20' title="bbox 577 2625 2799 2711; baseline -0.002 -19"><span class='ocrx_word' id='word_1_136' title='bbox 577 2644 719 2692; x_wconf 90' lang='lat' dir='ltr'>esse</span> <span class='ocrx_word' id='word_1_137' title='bbox 759 2630 1116 2692; x_wconf 85' lang='lat' dir='ltr'>statuamus</span> <span class='ocrx_word' id='word_1_138' title='bbox 1134 2677 1150 2706; x_wconf 90' lang='lat'>,</span> <span class='ocrx_word' id='word_1_139' title='bbox 1216 2632 1290 2692; x_wconf 92' lang='lat' dir='ltr'>ut</span> <span class='ocrx_word' id='word_1_140' title='bbox 1353 2625 1720 2707; x_wconf 88' lang='lat' dir='ltr'>saepissime</span> <span class='ocrx_word' id='word_1_141' title='bbox 1774 2625 1898 2692; x_wconf 91' lang='lat' dir='ltr'>duo</span> <span class='ocrx_word' id='word_1_142' title='bbox 1956 2625 2286 2692; x_wconf 89' lang='lat' dir='ltr'>enuntiata</span> <span class='ocrx_word' id='word_1_143' title='bbox 2341 2625 2643 2711; x_wconf 85' lang='lat' dir='ltr'>primaria</span> <span class='ocrx_word' id='word_1_144' title='bbox 2682 2640 2799 2690; x_wconf 90' lang='lat' dir='ltr'>suo</span> 
     </span>
     <span class='ocr_line' id='line_1_21' title="bbox 573 2738 2796 2821; baseline -0.001 -17"><span class='ocrx_word' id='word_1_145' title='bbox 573 2739 712 2805; x_wconf 90' lang='lat' dir='ltr'>iure</span> <span class='ocrx_word' id='word_1_146' title='bbox 755 2738 1312 2819; x_wconf 86' lang='lat' dir='ltr'>coniunctionibus,</span> <span class='ocrx_word' id='word_1_147' title='bbox 1360 2757 1522 2820; x_wconf 88' lang='lat' dir='ltr'>quae</span> <span class='ocrx_word' id='word_1_148' title='bbox 1565 2739 1649 2804; x_wconf 89' lang='lat' dir='ltr'>ad</span> <span class='ocrx_word' id='word_1_149' title='bbox 1697 2739 2226 2806; x_wconf 90' lang='lat' dir='ltr'>coordinationem</span> <span class='ocrx_word' id='word_1_150' title='bbox 2269 2746 2581 2821; x_wconf 84' lang='lat' dir='ltr'>spectant,</span> <span class='ocrx_word' id='word_1_151' title='bbox 2624 2738 2796 2804; x_wconf 90' lang='lat' dir='ltr'>inter</span> 
     </span>
     <span class='ocr_line' id='line_1_22' title="bbox 574 2851 2795 2936; baseline -0.001 -18"><span class='ocrx_word' id='word_1_152' title='bbox 574 2872 645 2918; x_wconf 90' lang='lat' dir='ltr'>se</span> <span class='ocrx_word' id='word_1_153' title='bbox 692 2853 998 2919; x_wconf 91' lang='lat' dir='ltr'>contineri</span> <span class='ocrx_word' id='word_1_154' title='bbox 1041 2853 1470 2920; x_wconf 86' lang='lat' dir='ltr'>concedamus.</span> <span class='ocrx_word' id='word_1_155' title='bbox 1558 2851 1685 2920; x_wconf 86' lang='lat' dir='ltr'>Sed</span> <span class='ocrx_word' id='word_1_156' title='bbox 1726 2858 1942 2919; x_wconf 87' lang='lat' dir='ltr'>tamen</span> <span class='ocrx_word' id='word_1_157' title='bbox 1983 2855 2271 2936; x_wconf 88' lang='lat' dir='ltr'>exempla</span> <span class='ocrx_word' id='word_1_158' title='bbox 2311 2853 2497 2920; x_wconf 90' lang='lat' dir='ltr'>huius</span> <span class='ocrx_word' id='word_1_159' title='bbox 2542 2852 2795 2934; x_wconf 88' lang='lat' dir='ltr'>generis</span> 
     </span>
     <span class='ocr_line' id='line_1_23' title="bbox 575 2965 2795 3045; baseline -0 -13"><span class='ocrx_word' id='word_1_160' title='bbox 575 2966 807 3032; x_wconf 86' lang='lat' dir='ltr'>afferre</span> <span class='ocrx_word' id='word_1_161' title='bbox 849 2965 1024 3045; x_wconf 83' lang='lat' dir='ltr'>libet,</span> <span class='ocrx_word' id='word_1_162' title='bbox 1088 2973 1161 3033; x_wconf 92' lang='lat' dir='ltr'>ut</span> <span class='ocrx_word' id='word_1_163' title='bbox 1214 2966 1458 3032; x_wconf 88' lang='lat' dir='ltr'>collatis</span> <span class='ocrx_word' id='word_1_164' title='bbox 1509 2968 1602 3032; x_wconf 92' lang='lat' dir='ltr'>eis</span> <span class='ocrx_word' id='word_1_165' title='bbox 1656 2986 1798 3033; x_wconf 89' lang='lat' dir='ltr'>cum</span> <span class='ocrx_word' id='word_1_166' title='bbox 1852 2968 2005 3034; x_wconf 86' lang='lat' dir='ltr'>locis</span> <span class='ocrx_word' id='word_1_167' title='bbox 2060 2986 2098 3032; x_wconf 92' lang='lat' dir='ltr'>a</span> <span class='ocrx_word' id='word_1_168' title='bbox 2148 2967 2659 3034; x_wconf 84' lang='lat' dir='ltr'>Weissenhomio</span> <span class='ocrx_word' id='word_1_169' title='bbox 2718 2986 2795 3032; x_wconf 87' lang='lat' dir='ltr'>ex</span> 
     </span>
     <span class='ocr_line' id='line_1_24' title="bbox 573 3079 2793 3163; baseline -0 -18"><span class='ocrx_word' id='word_1_170' title='bbox 573 3081 802 3147; x_wconf 89' lang='lat' dir='ltr'>Plauto</span> <span class='ocrx_word' id='word_1_171' title='bbox 845 3081 1160 3162; x_wconf 85' lang='lat' dir='ltr'>congestis</span> <span class='ocrx_word' id='word_1_172' title='bbox 1202 3079 1365 3146; x_wconf 88' lang='lat' dir='ltr'>hanc</span> <span class='ocrx_word' id='word_1_173' title='bbox 1406 3098 1654 3163; x_wconf 89' lang='lat' dir='ltr'>quoque</span> <span class='ocrx_word' id='word_1_174' title='bbox 1677 3081 1937 3146; x_wconf 90' lang='lat' dir='ltr'>Terenti</span> <span class='ocrx_word' id='word_1_175' title='bbox 1978 3080 2288 3147; x_wconf 91' lang='lat' dir='ltr'>rationem</span> <span class='ocrx_word' id='word_1_176' title='bbox 2332 3081 2793 3147; x_wconf 89' lang='lat' dir='ltr'>sententiarum</span> 
     </span>
     <span class='ocr_line' id='line_1_25' title="bbox 572 3193 2453 3277; baseline 0.002 -19"><span class='ocrx_word' id='word_1_177' title='bbox 572 3195 742 3260; x_wconf 87' lang='lat' dir='ltr'>inter</span> <span class='ocrx_word' id='word_1_178' title='bbox 782 3212 854 3261; x_wconf 87' lang='lat' dir='ltr'>se</span> <span class='ocrx_word' id='word_1_179' title='bbox 889 3194 1353 3277; x_wconf 88' lang='lat' dir='ltr'>iungendarum</span> <span class='ocrx_word' id='word_1_180' title='bbox 1395 3213 1518 3260; x_wconf 90' lang='lat' dir='ltr'>non</span> <span class='ocrx_word' id='word_1_181' title='bbox 1559 3193 1817 3261; x_wconf 88' lang='lat' dir='ltr'>differre</span> <span class='ocrx_word' id='word_1_182' title='bbox 1858 3193 1939 3261; x_wconf 90' lang='lat' dir='ltr'>ab</span> <span class='ocrx_word' id='word_1_183' title='bbox 1979 3212 2100 3261; x_wconf 91' lang='lat' dir='ltr'>usu</span> <span class='ocrx_word' id='word_1_184' title='bbox 2142 3195 2453 3262; x_wconf 90' lang='lat' dir='ltr'>Plautin0.</span> 
     </span>
    </p>

    <p class='ocr_par' dir='ltr' id='par_1_6' title="bbox 908 3292 2792 3492">
     <span class='ocr_line' id='line_1_26' title="bbox 908 3292 2792 3394; baseline -0.002 -19"><span class='ocrx_word' id='word_1_185' title='bbox 908 3310 1102 3378; x_wconf 92' lang='lat' dir='ltr'>Andr.</span> <span class='ocrx_word' id='word_1_186' title='bbox 1147 3313 1270 3376; x_wconf 84' lang='lat'>229</span> <span class='ocrx_word' id='word_1_187' title='bbox 1309 3292 1445 3394; x_wconf 73' lang='lat' dir='ltr'>sqq.</span> <span class='ocrx_word' id='word_1_188' title='bbox 1489 3310 1655 3377; x_wconf 90' lang='lat' dir='ltr'>Sane</span> <span class='ocrx_word' id='word_1_189' title='bbox 1697 3311 1803 3394; x_wconf 91' lang='lat' dir='ltr'>pol</span> <span class='ocrx_word' id='word_1_190' title='bbox 1844 3310 1955 3378; x_wconf 89' lang='lat' dir='ltr'>illa</span> <span class='ocrx_word' id='word_1_191' title='bbox 1995 3311 2414 3377; x_wconf 89' lang='lat' dir='ltr'>temulentast</span> <span class='ocrx_word' id='word_1_192' title='bbox 2456 3308 2685 3375; x_wconf 90' lang='lat' dir='ltr'>mulier</span> <span class='ocrx_word' id='word_1_193' title='bbox 2724 3314 2792 3374; x_wconf 89' lang='lat' dir='ltr'>et</span> 
     </span>
     <span class='ocr_line' id='line_1_27' title="bbox 1108 3424 2581 3492; baseline -0.003 1"><span class='ocrx_word' id='word_1_194' title='bbox 1108 3428 1120 3451; x_wconf 31' lang='grc' dir='ltr'>χ</span> <span class='ocrx_word' id='word_1_195' title='bbox 2236 3424 2581 3492; x_wconf 90' lang='lat' dir='ltr'>temeraria</span> 
     </span>
    </p>

    <p class='ocr_par' dir='ltr' id='par_1_7' title="bbox 994 3538 2789 3718">
     <span class='ocr_line' id='line_1_28' title="bbox 994 3538 2789 3622; baseline -0.001 -18"><span class='ocrx_word' id='word_1_196' title='bbox 994 3538 1130 3605; x_wconf 86' lang='lat' dir='ltr'>Nec</span> <span class='ocrx_word' id='word_1_197' title='bbox 1173 3539 1328 3605; x_wconf 89' lang='lat' dir='ltr'>satis</span> <span class='ocrx_word' id='word_1_198' title='bbox 1371 3538 1577 3622; x_wconf 90' lang='lat' dir='ltr'>digna,</span> <span class='ocrx_word' id='word_1_199' title='bbox 1623 3541 1769 3622; x_wconf 89' lang='lat' dir='ltr'>quoi</span> <span class='ocrx_word' id='word_1_200' title='bbox 1812 3541 2169 3608; x_wconf 87' lang='lat' dir='ltr'>committas</span> <span class='ocrx_word' id='word_1_201' title='bbox 2211 3540 2413 3622; x_wconf 92' lang='lat' dir='ltr'>primo</span> <span class='ocrx_word' id='word_1_202' title='bbox 2442 3543 2632 3622; x_wconf 88' lang='lat' dir='ltr'>partu</span> <span class='ocrx_word' id='word_1_203' title='bbox 2655 3555 2789 3602; x_wconf 92' lang='lat' dir='ltr'>mu-</span> 
     </span>
     <span class='ocr_line' id='line_1_29' title="bbox 2333 3652 2574 3718; baseline 0.004 -1"><span class='ocrx_word' id='word_1_204' title='bbox 2333 3652 2574 3718; x_wconf 91' lang='lat' dir='ltr'>lierem.</span> 
     </span>
    </p>
   </div>
   <div class='ocr_carea' id='block_1_3' title="bbox 569 3764 2789 3966">
    <p class='ocr_par' dir='ltr' id='par_1_8' title="bbox 569 3764 2789 3966">
     <span class='ocr_line' id='line_1_30' title="bbox 994 3764 1814 3833; baseline 0.001 -4"><span class='ocrx_word' id='word_1_205' title='bbox 994 3764 1231 3830; x_wconf 89' lang='lat' dir='ltr'>Tamen</span> <span class='ocrx_word' id='word_1_206' title='bbox 1275 3784 1417 3831; x_wconf 91' lang='lat' dir='ltr'>eam</span> <span class='ocrx_word' id='word_1_207' title='bbox 1457 3766 1765 3833; x_wconf 87' lang='lat' dir='ltr'>adducam</span> <span class='ocrx_word' id='word_1_208' title='bbox 1782 3767 1814 3830; x_wconf 71' lang='grc' dir='ltr'>*Ρ</span> 
     </span>
     <span class='ocr_line' id='line_1_31' title="bbox 569 3877 2789 3966; baseline 0 -24"><span class='ocrx_word' id='word_1_209' title='bbox 569 3877 732 3960; x_wconf 89' lang='lat' dir='ltr'>(Hoc</span> <span class='ocrx_word' id='word_1_210' title='bbox 773 3877 910 3944; x_wconf 92' lang='lat' dir='ltr'>loco</span> <span class='ocrx_word' id='word_1_211' title='bbox 951 3879 1132 3958; x_wconf 87' lang='lat' dir='ltr'>ratio,</span> <span class='ocrx_word' id='word_1_212' title='bbox 1176 3897 1302 3966; x_wconf 82' lang='lat' dir='ltr'>qua</span> <span class='ocrx_word' id='word_1_213' title='bbox 1343 3878 1687 3946; x_wconf 86' lang='lat' dir='ltr'>cohaerent</span> <span class='ocrx_word' id='word_1_214' title='bbox 1731 3880 2080 3960; x_wconf 89' lang='lat' dir='ltr'>enuntiata,</span> <span class='ocrx_word' id='word_1_215' title='bbox 2126 3879 2489 3946; x_wconf 86' lang='lat' dir='ltr'>concessiva</span> <span class='ocrx_word' id='word_1_216' title='bbox 2529 3880 2789 3962; x_wconf 90' lang='lat' dir='ltr'>insuper</span> 
     </span>
    </p>
   </div>
   <div class='ocr_carea' id='block_1_4' title="bbox 451 3991 1588 4076">
    <p class='ocr_par' dir='ltr' id='par_1_9' title="bbox 451 3991 1588 4076">
     <span class='ocr_line' id='line_1_32' title="bbox 451 3991 1588 4076; baseline 0.002 -20"><span class='ocrx_word' id='word_1_217' title='bbox 451 4001 460 4008; x_wconf 82' lang='grc'>’</span> <span class='ocrx_word' id='word_1_218' title='bbox 568 3991 870 4058; x_wconf 86' lang='lat' dir='ltr'>vocabulo</span> <span class='ocrx_word' id='word_1_219' title='bbox 911 3995 1102 4074; x_wconf 83' lang='lat' dir='ltr'>,sane‘</span> <span class='ocrx_word' id='word_1_220' title='bbox 1153 3992 1588 4076; x_wconf 88' lang='lat' dir='ltr'>significatur.)</span> 
     </span>
    </p>
   </div>
   <div class='ocr_carea' id='block_1_5' title="bbox 579 4103 1000 4112">
    <p class='ocr_par' dir='ltr' id='par_1_10' title="bbox 579 4103 1000 4112">
     <span class='ocr_line' id='line_1_33' title="bbox 579 4103 1000 4112; baseline 0 872"><span class='ocrx_word' id='word_1_221' title='bbox 579 4103 1000 4112; x_wconf 95' lang='lat' dir='ltr'> </span> 
     </span>
    </p>
   </div>
   <div class='ocr_carea' id='block_1_6' title="bbox 507 4140 2786 4421">
    <p class='ocr_par' dir='ltr' id='par_1_11' title="bbox 507 4140 2786 4421">
     <span class='ocr_line' id='line_1_34' title="bbox 717 4140 2786 4213; baseline 0.002 -20"><span class='ocrx_word' id='word_1_222' title='bbox 717 4141 773 4209; x_wconf 92' lang='lat'>1)</span> <span class='ocrx_word' id='word_1_223' title='bbox 813 4141 900 4196; x_wconf 89' lang='lat' dir='ltr'>Ad</span> <span class='ocrx_word' id='word_1_224' title='bbox 937 4141 1166 4197; x_wconf 85' lang='lat' dir='ltr'>verbum</span> <span class='ocrx_word' id='word_1_225' title='bbox 1205 4140 1514 4210; x_wconf 84' lang='lat' dir='ltr'>,intellego‘</span> <span class='ocrx_word' id='word_1_226' title='bbox 1552 4141 1989 4199; x_wconf 88' lang='lat' dir='ltr'>subaudiendum</span> <span class='ocrx_word' id='word_1_227' title='bbox 2028 4157 2149 4198; x_wconf 88' lang='lat' dir='ltr'>esse</span> <span class='ocrx_word' id='word_1_228' title='bbox 2184 4147 2320 4213; x_wconf 87' lang='lat' dir='ltr'>puto</span> <span class='ocrx_word' id='word_1_229' title='bbox 2358 4159 2539 4212; x_wconf 89' lang='lat' dir='ltr'>,quam</span> <span class='ocrx_word' id='word_1_230' title='bbox 2566 4143 2634 4200; x_wconf 91' lang='lat' dir='ltr'>ob</span> <span class='ocrx_word' id='word_1_231' title='bbox 2670 4157 2786 4198; x_wconf 91' lang='lat' dir='ltr'>rem</span> 
     </span>
     <span class='ocr_line' id='line_1_35' title="bbox 567 4241 2783 4316; baseline 0.001 -19"><span class='ocrx_word' id='word_1_232' title='bbox 567 4241 628 4298; x_wconf 91' lang='lat' dir='ltr'>id</span> <span class='ocrx_word' id='word_1_233' title='bbox 665 4247 792 4300; x_wconf 85' lang='lat' dir='ltr'>tute</span> <span class='ocrx_word' id='word_1_234' title='bbox 828 4259 938 4299; x_wconf 90' lang='lat' dir='ltr'>non</span> <span class='ocrx_word' id='word_1_235' title='bbox 975 4242 1189 4313; x_wconf 87' lang='lat' dir='ltr'>facias‘,</span> <span class='ocrx_word' id='word_1_236' title='bbox 1225 4249 1284 4298; x_wconf 86' lang='lat' dir='ltr'>et</span> <span class='ocrx_word' id='word_1_237' title='bbox 1321 4248 1480 4298; x_wconf 90' lang='lat' dir='ltr'>nosto</span> <span class='ocrx_word' id='word_1_238' title='bbox 1519 4261 1767 4300; x_wconf 88' lang='lat' dir='ltr'>sermone</span> <span class='ocrx_word' id='word_1_239' title='bbox 1791 4250 2074 4302; x_wconf 86' lang='lat' dir='ltr'>vertamus</span> <span class='ocrx_word' id='word_1_240' title='bbox 2112 4247 2233 4315; x_wconf 85' lang='lat' dir='ltr'>,Ah,</span> <span class='ocrx_word' id='word_1_241' title='bbox 2278 4245 2367 4301; x_wconf 89' lang='lat' dir='ltr'>ich</span> <span class='ocrx_word' id='word_1_242' title='bbox 2386 4248 2643 4304; x_wconf 86' lang='lat' dir='ltr'>verstehe</span> <span class='ocrx_word' id='word_1_243' title='bbox 2684 4247 2783 4316; x_wconf 87' lang='lat' dir='ltr'>(sc.</span> 
     </span>
     <span class='ocr_line' id='line_1_36' title="bbox 507 4345 2783 4421; baseline 0.003 -21"><span class='ocrx_word' id='word_1_244' title='bbox 507 4403 514 4410; x_wconf 73' lang='grc'>,</span> <span class='ocrx_word' id='word_1_245' title='bbox 569 4345 698 4401; x_wconf 90' lang='lat' dir='ltr'>dein</span> <span class='ocrx_word' id='word_1_246' title='bbox 735 4346 1083 4415; x_wconf 85' lang='lat' dir='ltr'>Gebahren):</span> <span class='ocrx_word' id='word_1_247' title='bbox 1120 4346 1260 4402; x_wconf 88' lang='lat' dir='ltr'>Eine</span> <span class='ocrx_word' id='word_1_248' title='bbox 1299 4363 1448 4419; x_wconf 84' lang='lat' dir='ltr'>ganz</span> <span class='ocrx_word' id='word_1_249' title='bbox 1485 4362 1627 4402; x_wconf 87' lang='lat' dir='ltr'>neue</span> <span class='ocrx_word' id='word_1_250' title='bbox 1650 4348 2056 4421; x_wconf 76' lang='lat' dir='ltr'>Frommigkeit</span> <span class='ocrx_word' id='word_1_251' title='bbox 2087 4350 2333 4407; x_wconf 86' lang='lat' dir='ltr'>wandelt</span> <span class='ocrx_word' id='word_1_252' title='bbox 2370 4350 2496 4406; x_wconf 91' lang='lat' dir='ltr'>dich</span> <span class='ocrx_word' id='word_1_253' title='bbox 2534 4351 2637 4407; x_wconf 84' lang='lat' dir='ltr'>auf</span> <span class='ocrx_word' id='word_1_254' title='bbox 2669 4349 2783 4406; x_wconf 86' lang='lat' dir='ltr'>ein·</span> 
     </span>
    </p>
   </div>
   <div class='ocr_carea' id='block_1_7' title="bbox 564 4449 824 4508">
    <p class='ocr_par' dir='ltr' id='par_1_12' title="bbox 564 4449 824 4508">
     <span class='ocr_line' id='line_1_37' title="bbox 564 4449 824 4508; baseline 0 0"><span class='ocrx_word' id='word_1_255' title='bbox 564 4449 679 4508; x_wconf 81' lang='lat' dir='ltr'>mal</span> <span class='ocrx_word' id='word_1_256' title='bbox 713 4449 824 4508; x_wconf 84' lang='lat' dir='ltr'>an‘.</span> 
     </span>
    </p>
   </div>
  </div>
 </body>
</html>
