3300 4984
628 630 702 697 In
743 632 1120 700 comicorum
1159 632 1534 714 fragmentis
1575 632 1677 698 hic
1719 629 1896 698 verbi
1923 631 2220 714 ,obsecro‘
2250 649 2403 699 usus
2431 638 2672 700 exstat:

793 745 976 815 Caec.
1018 748 1108 814 St.
1154 749 1253 814 90.
1298 748 1442 828 Ere,
1486 746 1764 828 obsecro,
1806 746 2020 813 hercle
2061 746 2308 815 desine!

791 859 1008 927 Afran.
1051 861 1194 926 201.
1250 859 1388 928 Hoc
1428 859 1690 927 obsecro
1731 859 1926 942 igitur
1968 862 2139 942 agite
2182 866 2249 929 et
2287 879 2389 928 me
2430 859 2673 929 adiuta-

1974 1004 1979 1010 ·
2286 992 2459 1042 mim.

626 1107 812 1191 Apud
852 1107 1186 1175 Horatium
1215 1126 1340 1174 non
1366 1108 1488 1174 nisi
1517 1108 1915 1175 coniunctum
1944 1126 2086 1173 cum
2115 1108 2306 1175 verbo
2348 1106 2671 1190 ,obtestor‘

457 1221 844 1305 paratactice
885 1226 1231 1305 usurpatur
1274 1221 1604 1303 ,obsecro‘:

771 1351 888 1436 ep.
933 1355 981 1422 1.
1029 1360 1087 1437 7,
1129 1357 1228 1422 94.
1273 1353 1453 1435 Quod
1493 1361 1561 1421 te
1607 1372 1726 1436 per
1746 1353 2016 1421 Genium
2050 1353 2463 1438 dextramque
2490 1352 2671 1424 deos-

2019 1487 2141 1552 que
2182 1468 2460 1536 Penates

873 1580 1148 1649 Obsecro
1191 1588 1258 1648 et
1298 1580 1600 1663 obtestor,
1647 1583 1815 1647 vitae
1858 1600 1958 1649 me
2000 1581 2197 1648 redde
2238 1581 2458 1665 priori!

540 1713 555 1729 ‘
617 1712 948 1780 Nonnullis
1015 1714 1167 1779 locis
1229 1713 1626 1780 Terentianis
1687 1713 1950 1781 verbum
2013 1713 2311 1796 ,obsecro‘
2372 1716 2529 1783 item
2594 1722 2672 1785 ut

453 1831 726 1911 ,quaeso‘
766 1846 910 1894 cum
948 1827 1339 1895 coniunctivo
1379 1828 1586 1896 soluto
1627 1829 2058 1910 coniungitur:

783 1959 845 2026 H
849 1965 1012 2028 eant.
1061 1962 1221 2028 1048
1263 1980 1354 2045 sq.
1399 1962 1460 2030 S.
1503 1962 1593 2028 Mi
1633 1962 1749 2042 vir,
1795 1968 1861 2029 te
1903 1960 2161 2027 obsecro
2197 1963 2209 2043 Ι
2245 1961 2343 2028 Ne
2382 1961 2595 2032 facias.

1365 2076 1458 2144 Ol.
1504 2076 1719 2157 Pater,
1768 2076 2028 2144 obsecro
2069 2077 2154 2142 mi
2195 2078 2502 2159 ignoscas.

785 2191 944 2258 Eun.
987 2193 1109 2258 905
1151 2208 1244 2274 sq.
1291 2190 1459 2257 Perii
1500 2191 1749 2259 hercle:
1792 2167 2050 2258 obsecro
2088 2191 2099 2274 Ι
2137 2190 2452 2258 Abeamus
2474 2191 2667 2276 intro,

2243 2307 2453 2374 Thais.

783 2421 1052 2506 Adelph.
1097 2425 1240 2490 309.
1283 2423 1545 2506 Propius
1586 2422 1844 2489 obsecro
1888 2422 2282 2503 accedamus,
2326 2422 2634 2492 Sostrata.

779 2535 1010 2605 Heaut.
1055 2539 1175 2603 291
1219 2555 1311 2620 sq.
1357 2538 1514 2620 Syre
1554 2538 1661 2617 mi,
1729 2536 2008 2618 obsecro,
2046 2536 2058 2621 Ι
2093 2537 2189 2603 Ne
2230 2555 2331 2603 me
2373 2538 2441 2604 in
2479 2536 2661 2605 laeti-

1684 2652 1841 2719 tiam
1880 2651 2121 2720 frustra
2161 2651 2448 2719 conicias.

612 2782 751 2850 Non
795 2785 1242 2851 coniunctionis
1286 2785 1489 2851 locum
1530 2791 1714 2852 tenet
1742 2785 1843 2852 hic
1870 2785 2183 2867 particula
2224 2787 2367 2866 ,ne‘,
2406 2783 2472 2852 id
2495 2783 2660 2867 quod

451 2898 660 2965 elucet
706 2917 784 2963 ex
827 2897 1058 2965 Heaut.
1103 2918 1160 2965 v.
1189 2901 1348 2965 1048
1391 2916 1584 2980 supra
1625 2899 1840 2980 allato,
1882 2897 1989 2965 ubi
2031 2917 2132 2980 ,ne
2173 2897 2390 2965 facias‘
2433 2897 2659 2981 excipi·

444 3017 553 3079 tur
594 3011 983 3079 coniunctivo
1021 3012 1230 3078 soluto
1294 3013 1614 3095 ‚ignoscas‘
1674 3014 1739 3078 in
1799 3012 2080 3094 proximo
2136 3010 2482 3079 enuntiato.
2568 3011 2659 3082 Ut

443 3125 586 3192 aliis
623 3124 795 3206 locis,
839 3126 1016 3192 velut
1055 3125 1216 3192 Eun.
1260 3129 1361 3205 95,
1404 3127 1719 3209 particula
1762 3129 1879 3206 ,ne‘
1922 3125 2315 3208 imperativo,
2377 3119 2468 3193 sic
2512 3143 2656 3192 con-

441 3239 740 3318 iunctivo,
785 3240 892 3322 qui
932 3239 1310 3328 imperativi¹
1333 3256 1592 3305 munere
1635 3237 1951 3320 fungitur,
2021 3239 2085 3304 in
2135 3238 2253 3305 hoc
2300 3256 2489 3307 versu
2542 3238 2656 3324 adf

442 3353 578 3448 dita
618 3360 718 3420 est
733 3353 804 3436 ²).

607 3485 971 3554 Coniunctio
1013 3488 1123 3567 ,ut‘
1166 3504 1208 3552 a
1246 3484 1438 3552 verbo
1481 3482 1783 3564 ,obsecro‘
1829 3483 2177 3568 dependet:

771 3599 968 3665 Andr.
1013 3602 1137 3666 326
1173 3618 1266 3683 sq.
1311 3599 1493 3666 Nunc
1536 3605 1604 3666 te
1644 3617 1763 3681 per
1783 3599 2123 3666 amicitiam
2152 3604 2219 3664 et
2239 3616 2358 3681 per
2374 3615 2653 3666 amorem

2161 3711 2439 3794 obsecro,

438 3991 581 4047 kone
619 3987 896 4059 ,actumst‘
936 3994 1069 4044 ante
1107 3988 1401 4057 ,eloquere‘
1419 3986 1750 4044 servandum
1770 4000 1890 4041 esse
1927 3984 2023 4056 (cf.
2045 3982 2251 4040 similes
2268 3982 2418 4040 locos
2441 3982 2650 4041 Heaut.

436 4092 543 4148 564
578 4092 719 4147 Eun.
758 4090 851 4161 54)
906 4096 967 4146 et
1008 4089 1196 4160 potius
1252 4095 1421 4162 ‚ergo·
1472 4088 1767 4144 delendum
1822 4087 2097 4154 existimo,
2157 4087 2300 4156 quod
2334 4085 2446 4142 alio
2482 4085 2649 4143 verbo

437 4194 636 4252 omisso
690 4193 748 4250 in
801 4197 1019 4249 textum
1074 4191 1292 4250 venisse
1348 4190 1645 4249 verisimile
1705 4189 1942 4246 videtur.
2026 4189 2138 4246 Sed
2190 4204 2291 4258 pro
2346 4188 2443 4257 ,fit‘
2504 4188 2648 4257 qnod

434 4298 712 4356 Dziatzko
749 4298 1007 4368 proponit
1023 4339 1036 4363 ‚
1092 4297 1407 4354 iterandum
1460 4312 1580 4353 esse
1636 4311 1831 4352 censeo
1888 4293 2167 4364 ,actumst‘
2226 4309 2350 4350 cum
2383 4292 2648 4364 Beckero,

433 4401 529 4472 qui
564 4402 665 4457 hoc
703 4416 916 4470 quoque
953 4400 1108 4455 modo
1145 4415 1366 4456 versum
1403 4397 1628 4456 restitui
1664 4413 1822 4468 posse
1859 4395 2067 4454 docuit.

580 4503 633 4574 1)
672 4502 741 4559 cf.
780 4519 921 4574 quae
959 4500 1315 4576 disseruimus
1352 4501 1410 4557 in
1446 4517 1582 4576 pag.
1615 4501 1699 4574 30
1725 4515 1803 4570 sq.
2284 4591 2315 4626 .

2232 4593 2271 4657 8
