3300 4984
1331 386 1835 458 .—70—-

853 566 1116 648 Adelph.
1162 569 1306 634 653.
1348 567 1410 633 Is
1452 567 1645 646 venit,
1691 570 1765 631 ut
1808 582 2022 631 secum
2062 564 2311 631 avehat.

852 679 1048 747 Andr.
1093 682 1191 745 81.
1237 680 1602 746 Perduxere
1645 679 1813 759 illuc,
1859 697 2075 745 secum
2114 684 2188 745 ut
2228 697 2355 744 una
2397 683 2569 745 esset
2613 729 2627 744 .
2673 729 2688 744 .
2723 731 2735 745 .

1101 796 1224 862 100
1265 811 1358 876 sq.
1434 793 1620 860 Ultro
1663 792 1746 858 ad
1786 811 1888 858 me
1930 792 2125 872 venit,
2192 792 2441 858 unicam
2483 795 2741 874 gnatam

2350 924 2530 973 suam

939 1019 1097 1086 Cum
1139 1019 1288 1086 dote
1331 1038 1578 1086 summa
1619 1019 1747 1086 filio
1789 1038 2049 1086 uxorem
2090 1025 2165 1087 ut
2206 1018 2410 1086 daret.

1099 1137 1223 1200 514
1265 1151 1357 1216 sq.
1401 1134 1661 1200 Missast
1703 1134 1932 1200 ancilla
1972 1132 2116 1200 ilico

939 1248 1364 1314 Obstetricem
1424 1249 1800 1315 accersitum
1864 1248 1944 1313 ad
2009 1266 2147 1314 eam
2216 1253 2285 1314 et
2344 1266 2610 1331 puerum
2666 1255 2741 1315 ut

1994 1361 2279 1430 adferret
2318 1363 2524 1430 simul.

847 1478 1007 1543 Eun.
1056 1479 1176 1542 539
1219 1493 1310 1558 sq.
1377 1477 1536 1542 Heri
1579 1476 1832 1559 aliquod
1874 1476 2335 1544 adulescentuli
2376 1479 2635 1544 coiimus
2673 1480 2739 1544 in

2246 1593 2524 1674 -Pirae0,

935 1705 1008 1770 In
1051 1705 1217 1770 hunc
1260 1705 1428 1770 diem
1469 1709 1544 1770 ut
1587 1705 1668 1770 de
1708 1704 2007 1787 symbolis
2052 1724 2349 1772 essemus,

845 1818 1095 1885 Phorm.
1139 1821 1279 1884 881.
1324 1819 1611 1899 Denique
1656 1836 1771 1900 ego
1814 1837 1955 1885 sum
1996 1819 2243 1898 missus,
2308 1826 2374 1886 te
2417 1827 2491 1886 ut
2530 1823 2739 1903 requi-

1633 1950 1845 1998 rerem
1887 1937 2081 2014 atque
2122 1933 2522 2000 adducerem.

681 2045 960 2113 Verbum
1006 2045 1299 2111 motionis
1343 2044 1763 2126 supplendum
1809 2048 1939 2112 est:

845 2160 1037 2227 Andr.
1082 2162 1206 2225 226
1250 2178 1342 2242 sq.
1388 2160 1475 2224 At
1519 2178 1634 2241 ego
1677 2159 1823 2225 hinc
1868 2179 1968 2226 me
2012 2161 2092 2226 ad
2134 2161 2339 2227 forum
2367 2160 2437 2245 ²),
2483 2167 2556 2228 ut

935 2274 1316 2340 Conveniam
1360 2272 1756 2355 Pamphilum
1805 2324 1819 2340 .
1865 2327 1879 2342 .
1928 2323 1945 2342 .
1992 2323 2006 2339 .

675 2389 774 2455 Sic
819 2388 1132 2455 codicibus
1189 2387 1467 2453 traditur
1521 2387 1621 2452 hic
1683 2389 1873 2454 locus.
1968 2388 2324 2456 Particulae
2368 2393 2479 2472 ,ut‘
2526 2409 2737 2457 mono-

509 2503 788 2586 syllabae
829 2503 893 2567 in
936 2501 1060 2567 fine
1103 2520 1324 2567 versus
1367 2500 1533 2582 apud
1576 2502 1945 2568 Terentium
1987 2504 2189 2570 locum
2234 2523 2358 2570 non
2405 2524 2545 2571 esse
2589 2525 2728 2572 cum

509 2625 618 2690 alii
660 2622 1061 2689 affirmarunt
1105 2629 1239 2688 tum
1287 2619 1564 2688 Conradt
1604 2622 1669 2686 in
1724 2622 2003 2687 Hermae
2058 2623 2177 2689 vol.
2219 2623 2279 2686 X
2322 2643 2380 2705 p.
2431 2626 2552 2689 106
2595 2643 2727 2708 sqq.

509 2739 982 2806 demonstravit.
1073 2738 1441 2804 Fleckeisen
1470 2738 1845 2819 particulam
1891 2739 2023 2820 ,uti‘
2067 2739 2131 2805 in
2159 2742 2510 2822 posteriore
2540 2760 2729 2808 versu

504 2854 732 2938 posuit,
799 2854 993 2921 verba
1044 2855 1232 2920 huius
1285 2871 1508 2919 versus
1570 2855 1670 2934 ,de
1713 2853 1831 2920 hac
1873 2857 1966 2920 re‘
2008 2855 2357 2935 secludens,
2424 2855 2728 2922 Dziatzko

506 2973 618 3050 ,ut‘
663 2969 837 3036 uncis
905 2968 1193 3048 inclusit,
1257 2968 1533 3049 Spengel
1596 2985 1855 3050 prorsus
1916 2968 2141 3034 omisit.
2229 2969 2537 3050 Equidem
2602 2989 2725 3035 non

504 3082 725 3164 audeo,
789 3082 1097 3165 quomodo
1154 3081 1300 3147 huic
1352 3081 1564 3147 versui
1619 3081 1964 3163 depravato
2018 3083 2298 3148 succurri
2349 3084 2549 3165 possit
2602 3083 2726 3149 dis-

503 3215 801 3279 cernere3
845 3194 960 3261 sed
1003 3195 1166 3261 addo
1209 3193 1412 3260 tribus
1469 3194 1608 3260 aliis
1668 3195 1818 3262 locis
1860 3196 2149 3262 movendi
2202 3195 2463 3262 verbum
2509 3203 2723 3262 mente

501 3309 918 3390 supplendum
983 3326 1152 3376 esse:
1246 3307 1440 3374 Andr.
1485 3310 1626 3388 361,
1699 3311 1839 3375 907.
1928 3309 2085 3375 Eun.
2148 3312 2289 3374 844.
2377 3309 2509 3376 Nec
2575 3328 2724 3375 vero

501 3422 776 3489 alterum
834 3422 1233 3489 enuntiatum
1287 3421 1387 3488 his
1446 3421 1597 3487 locis
1649 3423 2048 3488 coniunctum
2104 3429 2223 3504 est,
2285 3423 2453 3489 unde
2518 3423 2723 3506 colligi

896 843 928 878 n

894 1185 926 1218 n

452 3537 727 3619 ‚possit,
835 3534 1142 3618 quomodo
1236 3535 1344 3601 ille
1439 3536 1717 3602 Andriae
1801 3556 2021 3604 versus
2103 3538 2537 3604 restituendus
2621 3538 2722 3604 sit.
2844 3599 2849 3606 .

500 3653 740 3718 Tamen
781 3653 982 3732 magis
1039 3650 1326 3716 idoneam
1386 3651 1531 3717 huic
1587 3651 1722 3717 loco
1782 3653 2089 3719 concisam
2142 3654 2315 3718 illam
2371 3653 2722 3719 orationem

498 3767 667 3834 servi
721 3785 862 3834 esse
922 3772 1096 3847 puto,
1163 3784 1350 3848 quam
1408 3783 1550 3830 cum
1605 3767 1746 3832 aliis
1798 3768 2070 3850 Spengel
2126 3769 2355 3834 omissa
2410 3769 2723 3851 particula

501 3884 610 3961 ‚ut‘
656 3881 938 3948 exhiberi
979 3881 1224 3947 statuit.

662 3995 984 4061 Particula
1025 3997 1144 4074 ,ne‘
1190 3993 1639 4060 coniunctionis
1683 3995 1818 4060 vice
1862 3995 2131 4078 fungens
2185 3995 2379 4062 verba
2426 3995 2722 4063 movendi

495 4108 786 4192 sequitur
803 4131 818 4175 :

641 4341 694 4405 1)
735 4339 972 4411 Spengel
1009 4340 1136 4396 adn.
1175 4341 1247 4395 ad
1285 4341 1339 4396 h.
1378 4340 1414 4396 l.
1454 4338 1683 4396 verbum
1724 4340 1899 4406 ,dabo‘
1958 4341 2316 4411 supplendum
2364 4357 2484 4397 esse
2522 4347 2711 4397 censet

493 4441 693 4500 collato
731 4444 917 4500 Plaut.
957 4445 1112 4500 Curc.
1150 4445 1228 4510 II,
1265 4443 1316 4516 3,
1355 4443 1427 4498 84
1465 4445 1557 4516 (z
1595 4445 1703 4501 363
1742 4444 1827 4500 ed.
1866 4443 2097 4516 Fleck.).
