3300 4984
1396 359 1812 423 ..91-

495 547 650 622 puto
691 557 896 623 neque
939 542 1146 608 minus
1189 540 1354 606 forte
1395 539 1727 620 accidisse,
1796 544 1871 606 ut
1912 557 1953 603 a
1993 539 2219 604 Plauto
2282 543 2415 619 ,tot‘
2468 538 2536 604 in
2593 537 2723 620 epi·-

496 655 878 736 phonemate
921 673 1045 720 non
1087 658 1452 735 poneretur.
2796 633 2815 648 ⁹

663 768 739 833 In
779 767 870 832 eis
913 767 1234 848 exemplis,
1278 784 1442 848 quae
1484 765 1833 848 asyndeton
1876 766 2342 831 consecutivum
2374 770 2440 831 et
2468 765 2721 832 causale

501 880 827 965 praebent,
871 881 1025 946 nihil
1067 880 1322 947 differre
1365 881 1736 946 Terentium
1776 899 1817 946 a
1862 879 2091 947 Plauto
2147 898 2274 946 non
2330 881 2557 946 mirum
2602 887 2721 961 est,

502 994 666 1078 quod
709 995 886 1062 illum
930 1013 1176 1078 quoque
1222 1012 1575 1061 sermonem
1617 981 1834 1060 eorum
1875 995 2213 1074 hominum,
2272 1012 2427 1076 quos
2467 995 2724 1076 loquen-

501 1115 604 1179 tes
644 1109 814 1190 facit,
874 1109 1113 1176 imitari
1161 1108 1481 1176 studuisse
1523 1112 1739 1190 patet,
1799 1109 1975 1174 cuius
2026 1109 2351 1189 proprium
2406 1126 2547 1174 esse
2597 1109 2724 1174 iam

502 1223 988 1289 memoravimus
1031 1223 1339 1289 rationem
1360 1274 1375 1302 ,
1439 1240 1564 1304 qua
1598 1223 1769 1288 inter
1808 1239 1879 1287 se
1924 1222 2307 1288 cohaereant
2346 1222 2724 1302 sententiae,

502 1338 864 1420 neglegere.
950 1337 1086 1416 Quo
1129 1336 1486 1403 addendum
1529 1342 1650 1416 est,
1694 1335 1895 1402 laxius
1935 1336 2053 1402 hoc
2094 1335 2340 1402 dicendi
2374 1354 2574 1418 genus
2615 1355 2726 1402 ne·

504 1471 626 1534 que
670 1471 710 1517 a
751 1451 1172 1534 posteriorum
1215 1450 1553 1516 latinorum
1593 1450 1971 1532 scriptorum
2002 1451 2353 1518 elocutione
2382 1449 2727 1518 abhorrere

489 1584 712 1658 ‘neque
757 1585 796 1630 a
837 1571 1094 1631 nostrae
1138 1565 1392 1645 linguae
1428 1583 1550 1630 usu
1591 1565 1868 1630 alienum
1910 1583 2070 1631 esse.

671 1679 768 1743 Ex
807 1678 1182 1761 fragmentis
1223 1679 1600 1744 comicorum
1661 1680 1948 1760 exempla
1990 1677 2280 1762 asyndeti
2337 1679 2607 1745 causalis
2660 1684 2729 1745 et

505 1793 890 1859 consecutivi
930 1792 1162 1858 afferre
1208 1792 1559 1872 omisimus,
1631 1793 1796 1875 quod
1852 1793 2089 1892 mancis
2129 1793 2255 1859 illis
2298 1799 2365 1858 et
2406 1793 2728 1875 dissipatis

505 1906 656 1972 locis
699 1905 1130 1972 difficillimum
1174 1911 1292 1987 est,
1339 1924 1557 1971 eorum
1585 1904 2055 1972 enuntiatorum
2088 1925 2316 1971 nexum
2346 1906 2725 1990 discernere,

415 2018 420 2023 ’
507 2037 670 2102 quae
713 2021 886 2086 nullo
929 2020 1174 2086 vinculo
1211 2020 1382 2085 inter
1423 2037 1495 2086 se
1537 2019 1964 2086 continentur.

675 2611 1096 2678 Transeamus
1127 2631 1292 2678 nunc
1317 2612 1397 2678 ad
1421 2631 1531 2680 eas
1553 2615 1879 2696 parataxis
1900 2613 2154 2694 formas,
2198 2633 2363 2696 quae
2386 2622 2727 2682 occurrunt

507 2725 575 2791 in
623 2728 957 2794 sententiis
999 2729 1246 2794 ratione
1295 2729 1722 2810 condicionali,
1767 2731 2141 2810 concessiva,
2185 2731 2516 2812 temporali
2557 2731 2728 2796 inter

512 2859 582 2906 se
623 2842 892 2907 conexis.
978 2841 1190 2924 Atque
1230 2843 1502 2924 primum
1544 2842 1797 2925 quidem
1835 2842 1915 2909 de
1958 2843 2299 2910 enuntiatis
2341 2845 2728 2911 condicionaa

512 2953 675 3020 libus
730 2972 994 3035 agamus
1015 2955 1087 3038 1).
1190 2955 1368 3036 ‚Cum
1427 2955 1865 3038 hypotacticae
1922 2958 2401 3024 constructionis
2444 2994 2529 3006 —
2567 2959 2729 3024 Her-

513 3069 727 3134 manni
780 3069 990 3134 verbis
1043 3073 1190 3135 utor
1229 3106 1314 3118 —
1362 3068 1504 3152 hoc
1537 3069 1861 3151 proprium
1911 3071 2015 3149 sit,
2077 3076 2152 3137 ut
2213 3071 2503 3152 protasis,
2566 3089 2729 3153 quae

513 3182 936 3249 condicionem
976 3184 1276 3264 continet,
1319 3202 1436 3265 per
1477 3184 1854 3266 particulam
1898 3184 2383 3251 condicionalem
2412 3203 2553 3251 cum
2582 3203 2731 3268 apo-

513 3299 648 3366 dosi
689 3301 1008 3384 iungatur,
1051 3301 1220 3368 haud
1259 3321 1407 3368 raro
1440 3321 1569 3368 usu
1609 3303 1807 3382 venit,
1850 3307 1925 3369 ut
1948 3304 2267 3369 sententia
2294 3302 2523 3385 aliqua,
2568 3321 2731 3386 quae

513 3415 703 3482 alteri
753 3435 870 3498 pro
926 3416 1285 3484 condicione
1343 3436 1482 3484 esse
1533 3416 1854 3501 videatur,
1920 3417 2089 3483 nullo
2146 3423 2362 3485 tamen
2416 3437 2557 3483 cum
2611 3417 2731 3484 hac

515 3529 763 3596 vinculo
805 3529 1160 3613 cohaereat,
1205 3531 1320 3596 sed
1357 3549 1617 3613 prorsus
1661 3530 1948 3598 absolute
1990 3531 2092 3596 vel
2132 3532 2584 3614 praemittatur
2629 3533 2730 3598 vel

515 3643 674 3710 adeo
714 3643 960 3710 mediae
1003 3645 1274 3712 orationi
1311 3647 1774 3728 interponatur,
1821 3665 2019 3728 eoque
2061 3645 2229 3713 facto
2271 3648 2553 3728 protasin
2596 3648 2732 3730 qui-

515 3757 663 3824 dem
703 3777 928 3826 sensus
967 3759 1215 3842 prodat,
1273 3761 1454 3844 signa
1493 3767 1711 3828 tamen
1752 3763 2025 3844 protasis
2081 3762 2431 3845 syntactica
2484 3763 2733 3828 omnino

516 3871 999 3940 desiderentur‘.
1086 3876 1296 3956 Atque
1337 3875 1565 3951 mirum
1603 3894 1743 3942 esse
1790 3895 1913 3942 non
1954 3894 2140 3958 posse
2164 3876 2488 3941 Hermann
2513 3877 2600 3961 (p.
2627 3880 2733 3957 10)

513 3986 874 4070 affirmavit,
927 3989 1298 4056 recentioris
1339 3989 1726 4056 Graecorum
1769 3990 2126 4057 comoediae
2176 3991 2560 4058 imitatorem
2614 3990 2733 4056 Te·-

519 4101 796 4168 rentium
853 4101 970 4169 hoc
1031 4121 1278 4186 quoque
1323 4109 1685 4170 structurae
1744 4121 1945 4185 genus
2007 4103 2087 4170 ab
2148 4105 2271 4171 illis
2330 4105 2396 4170 in
2458 4104 2733 4186 patrium

667 4335 721 4408 1)
761 4337 832 4393 cf.
873 4336 930 4392 G.
971 4336 1064 4392 Fr.
1103 4336 1405 4410 Hermann,
1443 4337 1768 4408 Disputatio
1804 4337 1873 4394 de
1924 4338 2137 4408 protasi
2188 4339 2555 4409 paratactica.
2609 4334 2733 4399 Ind'.

522 4437 688 4500 schol.
727 4438 1020 4512 Goetting.
1058 4454 1191 4498 aem.
1225 4445 1368 4498 aest.
1409 4439 1551 4497 1850
1587 4447 1648 4498 et
1681 4439 1913 4499 Kiihner
1946 4440 2023 4500 Π.
2064 4441 2171 4500 760
2205 4457 2284 4516 sq.
