3300 4984
1418 413 1830 476 ...35-

846 589 1005 657 Eun.
1049 589 1190 656 461.
1303 587 1504 656 Adibo
1567 596 1761 673 atque
1837 588 2229 657 adsimulabo
2308 589 2487 673 quasi
2566 605 2731 655 nunc

2279 722 2519 770 exeam.

894 865 927 900 ‚,
1054 819 1198 885 557.
1243 816 1444 884 Adibo
1489 824 1683 900 atque
1726 817 1807 884 ab
1844 837 1919 885 eo
1961 819 2232 900 gratiam
2275 817 2437 884 hanc
2456 870 2472 899 ,
2542 836 2731 901 quam

1880 931 2061 998 video
2103 932 2287 1013 velle,
2328 931 2515 1000 inibo.

886 1113 919 1146 ,‚
1050 1063 1194 1129 922.
1237 1061 1394 1130 Post
1436 1061 1615 1129 exibo
1659 1068 1853 1146 atque
1893 1062 2059 1131 hunc
2112 1062 2484 1145 perterrebo
2538 1062 2730 1130 sacri-

2281 1176 2514 1260 legum.

844 1307 1096 1374 Phorm.
1141 1312 1266 1374 312
1309 1327 1400 1391 sq.
1458 1309 1612 1376 Inde
1671 1309 1772 1376 ibo
1832 1311 1913 1376 ad
1968 1309 2173 1376 forum
2224 1315 2419 1393 atque
2474 1309 2727 1392 aliquod

2360 1423 2513 1489 mihi

929 1537 1178 1603 Amicos
1215 1536 1530 1610 advocabo
1576 1587 1592 1604 .
1635 1589 1649 1603 .
1697 1587 1713 1604 .
1756 1588 1772 1604 .

1131 1675 1271 1739 782.
1316 1674 1496 1739 Nunc
1564 1673 1711 1740 hinc
1780 1675 2031 1740 domum
2106 1673 2205 1739 ibo
2273 1691 2347 1738 ac
2416 1672 2723 1738 Phanium

2056 1786 2327 1852 edocebo
2370 1835 2387 1852 .
2434 1839 2448 1852 .
2493 1836 2509 1853 .

830 1899 984 1965 Hec.
1031 1902 1172 1965 565.
1218 1899 1328 1966 Ibo
1368 1901 1538 1966 intro
1581 1907 1774 1984 atque
1820 1901 2061 1967 edicam
2104 1902 2303 1966 servis
2354 1954 2367 1968 .
2414 1953 2428 1966 .
2475 1950 2488 1966 .
2535 1950 2551 1966 .

829 2031 1097 2116 Adelph.
1143 2036 1284 2101 510.
1331 2034 1440 2100 Ibo
1481 2051 1555 2100 ac
1598 2034 1920 2117 requiram
1962 2034 2229 2100 fratrem
2283 2083 2297 2098 .
2346 2086 2359 2101 .
2410 2088 2423 2101 .

1125 2151 1266 2214 590.
1313 2147 1475 2214 Nam
1497 2149 1624 2214 iam
1655 2148 1840 2216 adibo
1869 2155 2061 2232 atque
2091 2168 2286 2215 unum
2316 2146 2607 2232 quicquid
2627 2196 2641 2212 .
2662 2199 2680 2219 .
2699 2197 2715 2214 .

922 2260 1193 2342 Carpam
1237 2267 1305 2327 et
1348 2263 1608 2346 cyathos
1664 2262 1971 2329 sorbilans
2012 2261 2315 2344 paulatim
2356 2261 2523 2328 hun'c
2576 2280 2721 2344 pro-

2046 2376 2268 2443 ducam
2318 2375 2503 2442 diem.

660 2507 965 2576 Addimus
1003 2507 1103 2574 his
1145 2509 1300 2574 locis
1340 2511 1739 2578 Terentianis
1782 2510 1964 2576 Caec.
2010 2513 2171 2576 Stat.
2217 2509 2401 2590 frgm.
2452 2511 2593 2576 184.

916 2622 1028 2689 Ibo
1069 2623 1152 2689 ad
1193 2623 1400 2689 forum
1443 2630 1510 2690 et
1529 2625 1815 2707 pauperii
1845 2625 2113 2690 tutelam
2142 2642 2380 2706 geram.

656 2753 1004 2820 Praeterea
1043 2755 1210 2820 idem
1255 2756 1670 2838 coniungendi
1700 2775 1851 2822 usus
1884 2757 2136 2823 exstat
2118 2776 2183 2822 m
2207 2756 2347 2822 aliis
2376 2755 2710 2823 verborum

491 2867 782 2934 movendi
821 2867 1073 2936 formis·

822 2999 1019 3065 Andr.
1065 3002 1204 3065 639.
1250 2992 1572 3065 Adeamne
1616 3001 1697 3065 ad
1756 3019 1899 3066 eum
1958 3006 2025 3066 et
2079 3019 2221 3066 cum
2280 3019 2355 3066 eo
2414 3001 2709 3067 iniuriam

1853 3114 2014 3180 hanc
2057 3115 2447 3197 expostulem
2461 3114 2495 3182 ‘P

820 3245 1082 3329 Adelph.
1129 3249 1250 3313 785
1295 3265 1384 3328 sq.
1435 3246 1588 3326 Nisi,
1662 3246 1811 3312 dum
1872 3248 2029 3312 haec
2092 3247 2396 3313 silescunt
2461 3245 2703 3326 turbae,

1792 3361 2042 3426 interea
2081 3359 2149 3425 in
2192 3359 2492 3441 angulum

908 3473 1132 3555 Aliquo
1175 3473 1398 3540 abeam
1443 3479 1638 3556 atque
1686 3475 2097 3540 edormiscam
2134 3475 2251 3541 hoc
2296 3474 2453 3540 villi:

811 3605 963 3672 Hec.
1012 3610 1135 3672 754
1177 3626 1268 3689 sq.
1313 3607 1440 3672 Eas
1483 3608 1564 3672 ad
1606 3608 1903 3674 mulieres
1945 3607 2069 3672 huc
2109 3609 2279 3672 intro
2321 3583 2515 3690 atque
2534 3607 2700 3674 istuc

1875 3720 2307 3787 iusiurandum
2347 3721 2505 3789 item

901 3834 1246 3901 Polliceare
1289 3834 1433 3901 illis.

808 3965 1074 4048 Adelph.
1120 3969 1263 4033 598.
1307 3967 1430 4034 Sed
1472 3985 1709 4048 quaeso
1750 3975 1824 4034 ut
1865 3987 1991 4034 una
2030 3987 2274 4035 mecum
2312 3969 2393 4034 ad
2428 3973 2697 4035 matrem

1812 4082 2069 4164 virginis
2114 4102 2241 4163 eaS,
2293 4083 2500 4165 Micio,

896 4198 1107 4280 Atque
1160 4198 1360 4265 istaec
1423 4197 1642 4264 eadem
1690 4216 1851 4280 quae
1896 4197 2049 4264 mihi
2092 4198 2250 4264 dixti
2316 4205 2458 4266 tute
2522 4199 2695 4266 dicas

2210 4314 2478 4380 mulieri.

802 4444 964 4516 Eun.
1005 4447 1149 4515 206.
1195 4445 1550 4516 Concedam
1589 4445 1736 4514 hinc
1778 4446 1947 4514 intro
1989 4452 2181 4529 atque
2227 4446 2621 4530 exspectabo.

2226 4553 2263 4610 5
