3300 4984
1403 345 1839 408 ...44--

509 507 712 606 vigius
764 523 1000 606 (opusc.
1045 523 1216 589 acad.
1265 525 1343 604 ΙΙ,
1390 529 1466 588 77
1512 529 1632 608 sq.)
1696 527 1789 590 eis
1830 525 2158 606 exemplis,
2231 543 2394 607 quae
2438 525 2731 592 futurum

509 636 836 718 praebent,
881 638 1057 718 quasi
1102 636 1509 704 fundamento
1554 639 1747 719 1110110,
1792 638 1899 705 ubi
1954 640 2383 705 coniunctivns
2425 658 2723 721 praesen-

511 753 594 816 tis
646 752 994 830 invenitur,
1068 770 1210 817 011111
1265 754 1328 817 in
1385 751 1669 818 futurum
1727 755 2014 819 mutavit.
2101 753 2281 820 Hanc
2337 756 2720 822 sententiam

510 864 853 930 doctissimi
895 865 1063 930 illius
1116 865 1235 929 viri
1286 866 1733 931 Weissenborn
1783 869 1869 950 (p.
1923 869 2025 947 10)
2085 867 2381 932 refellere
2437 874 2719 948 conatur,

510 997 651 1043 cum
693 979 929 1044 nullam
973 997 1225 1044 causam
1269 998 1409 1044 esse
1452 979 1638 1056 dicat,
1685 999 1797 1045 cur
1840 998 1879 1044 a
1907 981 2187 1046 codicum
2216 980 2339 1046 fide
2361 980 2718 1047 recedatur.

445 1161 450 1168 Ι
509 1092 690 1170 ,Nam
733 1093 1109 1159 coniunctivi
1151 1093 1356 1157 solute
1397 1093 1585 1174 positi
1626 1111 1779 1158 usus
1822 1130 1904 1138 —
1945 1095 2139 1174 ipsius
2180 1093 2375 1159 verba
2416 1093 2615 1160 affero
2636 1130 2719 1139 —

508 1214 640 1270 tam
681 1206 810 1271 late
853 1197 1032 1287 patet
1073 1206 1240 1288 apud
1279 1206 1608 1284 Plautum,
1678 1213 1750 1273 ut
1803 1208 1957 1272 nihil
2009 1209 2074 1272 in
2118 1227 2193 1274 eo
2234 1209 2337 1286 sit,
2400 1205 2565 1291 quod
2609 1226 2720 1273 nos

507 1319 801 1385 offendat.
887 1321 1181 1400 Accedit,
1245 1325 1320 1385 ut
1381 1320 1747 1386 vocabulum
1806 1320 1943 1402 ,fac‘
2006 1321 2201 1404 (face,
2258 1321 2473 1402 facito)
2532 1321 2725 1387 simili

507 1454 700 1502 sensu
740 1437 1010 1518 positum
1051 1454 1359 1517 persaepe
1381 1435 1648 1500 eandem
1676 1440 2061 1512 structuram
2086 1434 2428 1516 praebeat.‘
2482 1435 2721 1501 Verum

504 1549 584 1615 ob
630 1549 748 1614 hoc
789 1550 1012 1630 ipsum,
1068 1548 1231 1631 quod
1274 1550 1703 1615 coniunctivus
1758 1550 1965 1615 solute
2019 1551 2261 1631 positus
2316 1569 2456 1616 cum
2510 1549 2719 1616 verbis

505 1663 776 1728 faciendi
818 1662 898 1728 ab
939 1664 1213 1728 omnium
1253 1669 1540 1729 aetatum
1581 1664 1993 1745 scriptoribus
2031 1665 2247 1730 latinis
2290 1663 2579 1746 coniungi
2622 1683 2719 1730 so-

505 1777 696 1860 lebat,
741 1777 1036 1842 facillime
1077 1776 1217 1841 fieri
1270 1779 1552 1858 potuisse
1597 1777 1851 1860 Madvig
1892 1777 2198 1859 affirmat,
2258 1785 2331 1844 ut
2373 1777 2613 1844 librarii
2654 1779 2719 1842 in

504 1893 623 1957 hac
657 1910 731 1957 re
773 1891 1138 1973 saepissime
1181 1897 1486 1956 errarent.
1573 1891 1711 1956 Hac
1750 1893 1829 1956 de
1872 1909 2063 1958 causa
2103 1892 2296 1957 etiam
2316 1891 2717 1958 Terentianis

504 2006 657 2072 locis
711 2023 904 2088 supra
957 2005 1170 2072 allatis
1225 2007 1683 2071 coniunctivum
1724 2005 1898 2072 'falso
1949 2007 2253 2088 scriptum
2312 2012 2378 2072 et
2433 2004 2718 2073 futurum

501 2119 966 2185 restituendum
1010 2137 1150 2184 esse
1193 2126 1428 2184 censet.
1514 2118 1639 2184 Sed
1678 2119 2044 2184 Fleckeisen
2062 2123 2113 2197 1)
2156 2119 2403 2201 (Philol.
2442 2120 2521 2199 ΙΙ,
2566 2120 2714 2198 102)

504 2252 580 2297 ex
637 2233 1096 2298 sententiarum
1155 2250 1392 2297 conexu
1453 2233 1941 2297 coniunctivum·
1972 2235 2398 2299 necessarium
2455 2251 2597 2299 esse
2651 2233 2716 2297 in

503 2347 676 2412 Trin.
722 2347 752 2410 Ι
792 2349 852 2426 2,
894 2349 978 2410 24
1019 2344 1204 2411 docet
1243 2350 1434 2425 atque
1477 2346 1592 2410 hoc
1635 2346 1769 2411 loco
1794 2363 1922 2414 nos
1944 2347 2185 2411 moneri
2226 2347 2418 2427 addit,
2463 2365 2543 2412 ne
2575 2365 2715 2412 cum

501 2459 816 2540 Madvigio
859 2457 1142 2524 omnibus
1181 2459 1244 2523 in
1287 2458 1438 2523 locis
1481 2458 1765 2523 futurum
1806 2459 2151 2525 restituere
2188 2478 2517 2543 conemur3
2562 2459 2713 2526 duo-

500 2573 616 2639 bus
669 2572 820 2638 locis
860 2572 1168 2637 Plautinis
1220 2571 1474 2656 (Bacch.
1516 2571 1605 2636 IV
1648 2575 1706 2651 8,
1750 2576 1829 2637 23
1870 2592 1960 2654 sq.
2010 2579 2078 2638 et
2118 2575 2212 2638 III
2252 2580 2311 2654 4,
2357 2574 2421 2658 7)
2469 2575 2715 2641 collatis

500 2687 912 2768 demonstrat,
953 2691 1258 2768 quantum
1299 2686 1554 2752 intersit
1593 2686 1765 2752 inter
1802 2686 2001 2753 futuri
2032 2694 2098 2752 et
2127 2687 2500 2754 coniunctivi
2530 2708 2713 2754 usum

501 2808 568 2868 et
607 2801 735 2866 illic
778 2801 1238 2867 coniunctivum
1279 2801 1380 2866 hic
1421 2799 1706 2866 futurum
1748 2801 1952 2866 locum
1980 2820 2162 2866 suum
2189 2801 2474 2868 obtinere
2505 2809 2713 2869 osten-

500 2916 608 2983 dit.
697 2915 951 2980 Eisdem
998 2916 1147 2982 locis
1192 2915 1627 2996 comparandis
1686 2915 1903 2981 eodem
1956 2915 2091 2982 fere
2147 2917 2328 2982 modo
2370 2917 2531 2984 hanc
2574 2937 2712 2984 rem

499 3031 856 3112 explanavit
898 3029 1010 3095 Ed.
1057 3029 1378 3095 Luebbert
1395 3033 1466 3110 12).
1552 3031 1737 3096 Hunc
1778 3038 2033 3097 secutus
2077 3032 2269 3098 etiam
2312 3032 2709 3098 Terentianis

496 3147 620 3213 illis
661 3146 812 3211 locis
853 3145 1128 3225 Madvigi
1169 3144 1671 3210 emendationem
1712 3145 2091 3239 reiciendam
2133 3152 2274 3214 esse
2294 3154 2503 3230 'put03
2570 3165 2711 3214 con-

495 3260 842 3326 iunctivum
887 3259 1051 3340 enim
1104 3257 1308 3323 solute
1362 3259 1636 3340 positum
1690 3259 1906 3324 iussivi
1962 3260 2095 3327 loco
2152 3261 2476 3341 aptissime
2528 3279 2709 3327 usur-

496 3380 717 3458 patum
763 3392 900 3439 esse
945 3373 1010 3438 in
1051 3373 1175 3437 illis
1219 3373 1521 3454 exemplis
1562 3375 1830 3439 maxime
1873 3375 2270 3456 perspicuum
2318 3381 2437 3441 est.

663 3487 935 3569 Spengel
1006 3486 1112 3570 (ad
1169 3486 1358 3551 Andr.
1419 3507 1474 3554 v,
1536 3489 1685 3569 854)
1748 3505 1880 3553 com
1890 3493 2195 3552 memorat
2248 3487 2705 3554 coniunctivum

643 3756 697 3825 1)
735 3753 843 3822 Qui
880 3754 1048 3811 affert
1084 3754 1194 3810 iam
1233 3755 1296 3810 G.
1317 3754 1695 3810 Hermannum
1717 3752 1969 3824 Madvig-i
1995 3751 2309 3808 sententiae
2345 3769 2701 3825 repugnasse.

638 3859 693 3926 2)
735 3858 973 3913 Gramm.
1029 3857 1279 3912 Studien.
1316 3858 1360 3912 I.
1430 3857 1543 3912 Der
1597 3857 1746 3911 Coni.
1802 3856 1950 3914 Pers.
2006 3856 2121 3910 und
2177 3856 2276 3910 das
2330 3855 2459 3912 Fut.
2510 3873 2593 3914 ex.
2628 3858 2705 3913 im

493 3965 712 4019 alteren
751 3961 954 4018 Latein
992 3961 1176 4029 (1867)
1215 3979 1270 4030 p.
1310 3961 1442 4016 101:
1483 3961 1624 4030 „Ein
1661 3959 2029 4016 Unterschied
2066 3961 2165 4016 der
2201 3960 2536 4032 Bedeutung
2570 3962 2703 4018 zwi-

493 4066 662 4124 schen
700 4039 855 4134 ConJ‘.
891 4064 1006 4119 und
1041 4064 1168 4119 Fut.
1207 4063 1442 4132 primum
1490 4062 1552 4117 in
1605 4063 1786 4118 dieser
1824 4063 2158 4136 Bedcutung
2206 4065 2349 4120 lasst
2395 4064 2509 4120 sich
2560 4065 2706 4120 wohl

494 4169 766 4240 angeben.
840 4168 952 4222 Der
1000 4166 1155 4236 ConJ'.
1203 4165 1528 4221 bezeichnet
1577 4166 1734 4249 1110111·
1782 4165 1871 4222 die
1920 4165 2252 4241 Nothigung
2299 4165 2449 4222 eines
2493 4166 2701 4223 andern

491 4271 754 4342 Subjekts
770 4312 785 4341 ,
847 4268 1112 4326 wahrend
1173 4269 1273 4324 das
1332 4269 1513 4323 Futur
1567 4268 1658 4324 ein
1712 4267 1991 4324 einfaches
2044 4268 2494 4340 Hervorbringen
2550 4268 2703 4326 einer

491 4375 776 4450 Wirkung
812 4373 1168 4432 ausdruck&-
