3300 4984
1512 438 1925 502 ..51-

603 616 940 682 strandum
982 614 1330 697 attulimus,
1382 615 1783 681 enuntiatum
1825 613 2193 697 primarium
2250 612 2564 680 enuntiati
2604 631 2826 680 secun-

603 729 766 795 darii
806 730 943 795 loco
981 730 1274 812 usurpari
1319 727 1905 809 demonstravimus
1954 728 2077 794 etsi
2103 727 2471 794 iamdudum
2498 733 2825 795 structura

603 844 999 912 subiunctiva
1078 847 1146 911 in
1228 864 1411 912 usum
1495 850 1762 911 venerat
1844 849 2059 911 aetate
2129 843 2339 910 Plauti
2411 850 2477 910 et
2545 843 2823 910 Terenti.

603 958 1066 1027 Posterioribus
1107 964 1323 1026 autem
1360 958 1749 1042 temporibus
1768 1010 1783 1038 ,
1855 977 1999 1024 cum
2055 958 2403 1024 severiores
2458 957 2639 1039 leges
2681 976 2826 1040 syn·
2888 1003 2898 1022 ι

603 1075 876 1140 tacticae
919 1072 1106 1155 vulgo
1148 1072 1469 1139 observari
1513 1079 1775 1154 coeptae
1820 1078 2057 1152 essent,
2112 1046 2510 1153 grammatici
2552 1070 2823 1154 quidem,

605 1189 710 1269 qui
769 1187 1143 1254 coniunctivi
1205 1188 1410 1255 solute
1449 1205 1490 1252 a
1532 1187 1755 1268 priscis
1810 1186 2221 1268 scriptoribus
2273 1186 2462 1268 positi
2520 1186 2645 1252 vim
2677 1190 2824 1251 'non

603 1302 730 1368 iam
772 1301 1239 1384 intellexerant,
1294 1302 1759 1368 coniunctiones
1803 1305 1913 1382 ,ut‘
1957 1307 2023 1366 et
2068 1304 2187 1382 ,ne‘
2230 1303 2491 1367 omissas
2533 1319 2673 1368 esse
2717 1319 2825 1367 ex-

602 1416 1016 1500 plicaverunt.

772 1531 983 1598 Primo
1026 1533 1162 1598 loco
1208 1550 1512 1613 ponamus
1543 1550 1618 1597 ea
1648 1531 1954 1613 exempla,
1999 1531 2064 1596 in
2093 1530 2318 1613 quibus
2346 1529 2608 1597 verbum
2645 1529 2823 1610 ,sino‘

605 1664 746 1713 cum
790 1645 1179 1713 coniunctivo
1219 1646 1425 1712 soluto
1467 1645 1867 1711 coniunctum
1911 1649 2042 1710 est:
2208 1631 2215 1638 ’

937 1757 1132 1826 Andr.
1178 1762 1320 1826 895.
1363 1760 1500 1842 Age
1543 1759 1734 1839 dicat,
1777 1759 1930 1826 sino,

743 1874 1268 1954 'Coniunctivum‚
1324 1875 1432 1958 qui
1473 1874 1722 1956 dicitur,
1780 1873 2203 1940 concessivum
2260 1873 2377 1939 hoc
2434 1871 2571 1939 loco
2612 1891 2825 1940 occur-

605 2008 752 2055 rere
794 1988 1201 2056 manifestum
1245 1994 1346 2055 est
1390 1988 1495 2074 (cf.
1535 2009 1592 2054 v.
1616 1989 1785 2070 889).
1873 1988 2061 2067 Simo,
2105 1987 2211 2068 qui
2240 1986 2633 2070 aliquantum
2666 1992 2825 2053 tem-

603 2103 774 2186 poris
815 2101 1013 2168 filium
1055 2102 1276 2169 audire
1318 2103 1658 2185 recusavit,
1704 2101 2059 2168 Chremetis
2080 2100 2371 2184 precibus
2399 2107 2607 2169 motus
2647 2100 2825 2167 deni-

604 2235 729 2301 que
771 2217 1073 2299 concedit,
1117 2222 1192 2283 ut
1231 2217 1414 2298 filius,
1460 2236 1623 2301 quae
1646 2217 1819 2298 velit,
1864 2217 2055 2299 dicat,
2102 2221 2169 2281 et
2194 2216 2277 2297 id,
2322 2214 2488 2298 quod
2517 2215 2825 2282 Chremes

602 2331 788 2398 modo
826 2330 1074 2398 locutus
1115 2337 1232 2411 est,
1289 2332 1518 2412 excipit
1560 2331 1729 2397 idem
1771 2329 2033 2397 verbum
2081 2329 2288 2410 ,dicat‘
2332 2334 2634 2411 repetens
2650 2381 2666 2411 ,
2727 2331 2826 2396 cui

606 2449 781 2530 ,sino‘
823 2447 1115 2527 additur,
1177 2448 1270 2513 ita
1313 2450 1387 2513 ut
1432 2465 1830 2529 nequaquam
1872 2445 2058 2511 huius
2103 2445 2195 2510 vis
2238 2445 2318 2510 ad
2362 2444 2825 2510 coniunctivum

599 2562 807 2642 ,dicat‘
867 2561 1205 2644 pertineat.
1291 2562 1516 2643 Itaque
1576 2581 1719 2626 cum
1773 2561 2106 2642 Spengelio
2166 2566 2235 2625 et
2286 2559 2673 2625 Dziatzkone
2730 2558 2822 2625 sic

596 2675 1170 2758 interpungendum
1215 2693 1355 2742 esse
1399 2693 1729 2741 censemus
1773 2675 1929 2756 ,Age
1972 2674 2161 2754 dicat,
2206 2673 2381 2739 sino‘.

759 2789 936 2855 Idem
979 2789 1254 2876 editores
1276 2789 1636 2855 Bentleium
1666 2789 1867 2854 secuti
1901 2789 2039 2869 ipsa
2058 2785 2549 2869 interpungendi
2576 2786 2823 2852 ratione

595 2905 1032 2971 iudicaverunt
1074 2903 1464 2985 paratactice
1507 2903 1775 2970 formam
1816 2902 1990 2982 ,sino‘
2038 2901 2431 2968 coniunctivo
2465 2901 2673 2968 soluto
2714 2899 2823 2966 ad·
2865 2987 2869 2992 ἱ

595 3019 826 3086 iectam
869 3037 1010 3084 esse
1051 3019 1118 3083 in

930 3130 1196 3213 Adelph.
1256 3151 1313 3197 v.
1375 3133 1498 3196 996
1539 3149 1632 3212 sq.
1698 3130 1871 3198 Sino:
1910 3130 1921 3214 ἱ
1958 3129 2232 3212 Haceat3
2300 3130 2365 3194 in
2419 3129 2582 3195 istac
2633 3127 2822 3196 finem

2319 3241 2515 3308 faciat
2536 3245 2605 3324 1).
2716 3223 2722 3229 ’

595 3361 1016 3444 Imperativus
1065 3359 1237 3441 ‚sine‘
1285 3378 1427 3426 cum
1471 3358 1865 3425 coniunctivo
1907 3358 2115 3424 soluto
2158 3357 2558 3440 coniungitur

931 3473 1126 3541 Andr.
1172 3475 1314 3540 622.
1360 3473 1482 3540 Sed
1527 3474 1664 3538 sine
1705 3471 2036 3554 paululum
2080 3469 2161 3536 ad
2206 3490 2307 3536 me
2350 3469 2612 3536 redeam
2658 3523 2673 3536 .
2719 3520 2736 3537 .

1021 3637 1054 3670 ,‚
1169 3589 1312 3654 900.
1357 3587 1505 3654 Sine
1537 3605 1638 3652 me
1670 3602 2015 3668 expurgem
2036 3590 2230 3667 atque
2253 3583 2436 3649 illum
2462 3583 2587 3651 huc
2611 3603 2823 3650 coram

2282 3695 2607 3763 adducam.

1020 3863 1051 3897 „
1170 3815 1314 3880 901.
1362 3812 1513 3880 Sine
1558 3817 1626 3877 te
1669 3812 1787 3878 hoc
1830 3831 2101 3878 exorem.

928 3930 1086 3996 Eun.
1131 3931 1272 3994 185.
1315 3928 1452 3994 Hoc
1493 3925 1677 3992 modo
1722 3927 1859 3992 sine
1908 3933 1977 3993 te
2018 3945 2289 3993 exorem.

925 4042 1081 4110 Hec.
1128 4046 1268 4110 744.
1313 4043 1461 4110 Sine
1503 4041 1724 4107 dicam.

740 4298 796 4364 1)
835 4295 923 4352 Sic
957 4295 1234 4352 Dziatzko
1271 4297 1621 4367 interpunxit
1658 4312 1836 4364 neque
1874 4296 2171 4363 quidquam
2216 4294 2393 4350 refert
2448 4292 2507 4348 in
2558 4291 2820 4364 Spengeli

595 4399 841 4458 editione
878 4414 1098 4457 versum
1135 4402 1280 4456 hunc
1319 4401 1376 4457 in
1414 4403 1633 4458 modum
1672 4417 1793 4459 esse
1831 4400 2126 4470 scriptum:
2194 4397 2366 4468 ‚Sina
2396 4397 2407 4468 1
2438 4395 2711 4453 Habeat..
2752 4397 2821 4452 In

595 4503 742 4563 istac
779 4505 944 4564 finem
979 4503 1192 4562 faciat‘.

2308 4595 2347 4654 4
2362 4595 2394 4629 ⁸
