<?xml version="1.0" encoding="UTF-8"?>
<!DOCTYPE html PUBLIC "-//W3C//DTD XHTML 1.0 Transitional//EN"
    "http://www.w3.org/TR/xhtml1/DTD/xhtml1-transitional.dtd">
<html xmlns="http://www.w3.org/1999/xhtml" xml:lang="en" lang="en">
 <head>
  <title>
</title>
<meta http-equiv="Content-Type" content="text/html;charset=utf-8" />
  <meta name='ocr-system' content='tesseract 3.04.00' />
  <meta name='ocr-capabilities' content='ocr_page ocr_carea ocr_par ocr_line ocrx_word'/>
</head>
<body>
  <div class='ocr_page' id='page_1' title='image "./deparataxisinte00wenigoog_0084.png"; bbox 0 0 3300 4984; ppageno 0'>
   <div class='ocr_carea' id='block_1_1' title="bbox 1437 347 1866 416">
    <p class='ocr_par' dir='ltr' id='par_1_1' title="bbox 1437 347 1866 416">
     <span class='ocr_line' id='line_1_1' title="bbox 1437 347 1866 416; baseline -0.002 -22"><span class='ocrx_word' id='word_1_1' title='bbox 1437 347 1866 416; x_wconf 43' lang='lat' dir='ltr'>„go-7.</span> 
     </span>
    </p>
   </div>
   <div class='ocr_carea' id='block_1_2' title="bbox 765 518 2765 2089">
    <p class='ocr_par' dir='ltr' id='par_1_2' title="bbox 765 518 2765 2089">
     <span class='ocr_line' id='line_1_2' title="bbox 765 518 2765 596; baseline 0.006 -12"><span class='ocrx_word' id='word_1_2' title='bbox 765 525 772 531; x_wconf 86' lang='grc'><em>“</em></span> <span class='ocrx_word' id='word_1_3' title='bbox 879 518 1032 586; x_wconf 88' lang='lat' dir='ltr'>Hec.</span> <span class='ocrx_word' id='word_1_4' title='bbox 1078 521 1218 588; x_wconf 82' lang='grc'><strong>302.</strong></span> <span class='ocrx_word' id='word_1_5' title='bbox 1281 521 1440 588; x_wconf 90' lang='lat' dir='ltr'>Tum</span> <span class='ocrx_word' id='word_1_6' title='bbox 1499 523 1680 590; x_wconf 87' lang='lat' dir='ltr'>uxori</span> <span class='ocrx_word' id='word_1_7' title='bbox 1733 523 2033 594; x_wconf 79' lang='lat' dir='ltr'>obnoxius</span> <span class='ocrx_word' id='word_1_8' title='bbox 2087 543 2258 593; x_wconf 89' lang='lat' dir='ltr'>sum:</span> <span class='ocrx_word' id='word_1_9' title='bbox 2310 525 2403 594; x_wconf 87' lang='lat' dir='ltr'>ita</span> <span class='ocrx_word' id='word_1_10' title='bbox 2456 526 2603 596; x_wconf 90' lang='lat' dir='ltr'>olim</span> <span class='ocrx_word' id='word_1_11' title='bbox 2651 546 2765 596; x_wconf 86' lang='lat' dir='ltr'>suo</span> 
     </span>
     <span class='ocr_line' id='line_1_3' title="bbox 1641 640 2551 725; baseline 0.005 -22"><span class='ocrx_word' id='word_1_12' title='bbox 1641 657 1745 704; x_wconf 91' lang='lat' dir='ltr'>me</span> <span class='ocrx_word' id='word_1_13' title='bbox 1786 640 2037 723; x_wconf 88' lang='lat' dir='ltr'>ingenio</span> <span class='ocrx_word' id='word_1_14' title='bbox 2077 642 2379 725; x_wconf 83' lang='lat' dir='ltr'>pertulit3</span> <span class='ocrx_word' id='word_1_15' title='bbox 2418 693 2433 708; x_wconf 92' lang='lat'><strong><em>.</em></strong></span> <span class='ocrx_word' id='word_1_16' title='bbox 2480 694 2494 710; x_wconf 88' lang='lat'><strong>.</strong></span> <span class='ocrx_word' id='word_1_17' title='bbox 2538 695 2551 708; x_wconf 88' lang='lat'><strong>.</strong></span> 
     </span>
     <span class='ocr_line' id='line_1_4' title="bbox 925 751 2764 845; baseline 0.004 -31"><span class='ocrx_word' id='word_1_18' title='bbox 925 798 956 831; x_wconf 86' lang='lat'>„</span> <span class='ocrx_word' id='word_1_19' title='bbox 1066 752 1188 815; x_wconf 82' lang='lat'>421</span> <span class='ocrx_word' id='word_1_20' title='bbox 1233 769 1366 833; x_wconf 85' lang='lat' dir='ltr'><strong>sqq.</strong></span> <span class='ocrx_word' id='word_1_21' title='bbox 1412 751 1564 845; x_wconf 90' lang='lat' dir='ltr'>Dies</span> <span class='ocrx_word' id='word_1_22' title='bbox 1605 752 1873 835; x_wconf 86' lang='lat' dir='ltr'>triginta</span> <span class='ocrx_word' id='word_1_23' title='bbox 1914 759 2028 821; x_wconf 86' lang='lat' dir='ltr'>aut</span> <span class='ocrx_word' id='word_1_24' title='bbox 2071 756 2215 837; x_wconf 91' lang='lat' dir='ltr'>plus</span> <span class='ocrx_word' id='word_1_25' title='bbox 2259 774 2333 822; x_wconf 91' lang='lat' dir='ltr'>eo</span> <span class='ocrx_word' id='word_1_26' title='bbox 2374 755 2441 821; x_wconf 93' lang='lat' dir='ltr'>in</span> <span class='ocrx_word' id='word_1_27' title='bbox 2483 757 2630 822; x_wconf 87' lang='lat' dir='ltr'>navi</span> <span class='ocrx_word' id='word_1_28' title='bbox 2653 756 2764 836; x_wconf 88' lang='lat' dir='ltr'>fui,</span> 
     </span>
     <span class='ocr_line' id='line_1_5' title="bbox 967 862 2762 950; baseline 0.003 -22"><span class='ocrx_word' id='word_1_29' title='bbox 967 862 1169 940; x_wconf 85' lang='lat' dir='ltr'>Quom</span> <span class='ocrx_word' id='word_1_30' title='bbox 1207 864 1458 931; x_wconf 87' lang='lat' dir='ltr'>interea</span> <span class='ocrx_word' id='word_1_31' title='bbox 1486 883 1739 948; x_wconf 79' lang='lat' dir='ltr'>semper</span> <span class='ocrx_word' id='word_1_32' title='bbox 1766 871 2037 934; x_wconf 86' lang='lat' dir='ltr'>mortem</span> <span class='ocrx_word' id='word_1_33' title='bbox 2066 868 2509 950; x_wconf 80' lang='lat' dir='ltr'>exspectabam</span> <span class='ocrx_word' id='word_1_34' title='bbox 2538 869 2762 950; x_wconf 81' lang='lat' dir='ltr'>miser3</span> 
     </span>
     <span class='ocr_line' id='line_1_6' title="bbox 964 978 2465 1065; baseline 0.006 -23"><span class='ocrx_word' id='word_1_35' title='bbox 964 978 1066 1043; x_wconf 85' lang='lat' dir='ltr'>Ita</span> <span class='ocrx_word' id='word_1_36' title='bbox 1107 997 1307 1061; x_wconf 89' lang='lat' dir='ltr'>usque</span> <span class='ocrx_word' id='word_1_37' title='bbox 1349 980 1618 1046; x_wconf 88' lang='lat' dir='ltr'>advorsa</span> <span class='ocrx_word' id='word_1_38' title='bbox 1662 987 2047 1065; x_wconf 77' lang='lat' dir='ltr'><strong>tempestate</strong></span> <span class='ocrx_word' id='word_1_39' title='bbox 2088 984 2187 1049; x_wconf 93' lang='lat' dir='ltr'>usi</span> <span class='ocrx_word' id='word_1_40' title='bbox 2229 1002 2465 1052; x_wconf 88' lang='lat' dir='ltr'>sumus.</span> 
     </span>
     <span class='ocr_line' id='line_1_7' title="bbox 799 1093 2291 1176; baseline 0.005 -20"><span class='ocrx_word' id='word_1_41' title='bbox 799 1103 805 1108; x_wconf 77' lang='grc'><em>“</em></span> <span class='ocrx_word' id='word_1_42' title='bbox 920 1141 953 1174; x_wconf 83' lang='lat'>„</span> <span class='ocrx_word' id='word_1_43' title='bbox 1064 1095 1206 1158; x_wconf 84' lang='lat'>443.</span> <span class='ocrx_word' id='word_1_44' title='bbox 1250 1093 1390 1161; x_wconf 91' lang='lat' dir='ltr'>Non</span> <span class='ocrx_word' id='word_1_45' title='bbox 1433 1113 1624 1176; x_wconf 84' lang='lat' dir='ltr'>queo:</span> <span class='ocrx_word' id='word_1_46' title='bbox 1670 1096 1763 1161; x_wconf 89' lang='lat' dir='ltr'>ita</span> <span class='ocrx_word' id='word_1_47' title='bbox 1804 1096 2091 1164; x_wconf 87' lang='lat' dir='ltr'>defessus</span> <span class='ocrx_word' id='word_1_48' title='bbox 2133 1117 2291 1164; x_wconf 90' lang='lat' dir='ltr'>sum.</span> 
     </span>
     <span class='ocr_line' id='line_1_8' title="bbox 917 1206 2765 1293; baseline 0.005 -24"><span class='ocrx_word' id='word_1_49' title='bbox 917 1255 952 1289; x_wconf 81' lang='lat'><em>„</em></span> <span class='ocrx_word' id='word_1_50' title='bbox 1062 1209 1185 1270; x_wconf 80' lang='lat'>517</span> <span class='ocrx_word' id='word_1_51' title='bbox 1228 1225 1322 1289; x_wconf 89' lang='lat' dir='ltr'>sq.</span> <span class='ocrx_word' id='word_1_52' title='bbox 1373 1206 1536 1273; x_wconf 89' lang='lat' dir='ltr'>Nam</span> <span class='ocrx_word' id='word_1_53' title='bbox 1579 1209 1894 1275; x_wconf 88' lang='lat' dir='ltr'>audivisse</span> <span class='ocrx_word' id='word_1_54' title='bbox 1936 1229 2152 1276; x_wconf 87' lang='lat' dir='ltr'>vocem</span> <span class='ocrx_word' id='word_1_55' title='bbox 2192 1213 2373 1293; x_wconf 88' lang='lat' dir='ltr'>pueri</span> <span class='ocrx_word' id='word_1_56' title='bbox 2414 1213 2616 1279; x_wconf 85' lang='lat' dir='ltr'>visust</span> <span class='ocrx_word' id='word_1_57' title='bbox 2656 1231 2765 1279; x_wconf 84' lang='lat' dir='ltr'>va-</span> 
     </span>
     <span class='ocr_line' id='line_1_9' title="bbox 2294 1325 2553 1406; baseline 0.008 -16"><span class='ocrx_word' id='word_1_58' title='bbox 2294 1325 2553 1406; x_wconf 84' lang='lat' dir='ltr'>gientis:</span> 
     </span>
     <span class='ocr_line' id='line_1_10' title="bbox 963 1433 2640 1519; baseline 0.005 -21"><span class='ocrx_word' id='word_1_59' title='bbox 963 1433 1066 1500; x_wconf 85' lang='lat' dir='ltr'>Ita</span> <span class='ocrx_word' id='word_1_60' title='bbox 1108 1435 1414 1518; x_wconf 86' lang='lat' dir='ltr'>corripuit</span> <span class='ocrx_word' id='word_1_61' title='bbox 1455 1435 1803 1519; x_wconf 78' lang='lat' dir='ltr'>derepente</span> <span class='ocrx_word' id='word_1_62' title='bbox 1846 1437 2081 1504; x_wconf 85' lang='lat' dir='ltr'>tacitus</span> <span class='ocrx_word' id='word_1_63' title='bbox 2122 1456 2264 1504; x_wconf 89' lang='lat' dir='ltr'>sese</span> <span class='ocrx_word' id='word_1_64' title='bbox 2308 1439 2389 1504; x_wconf 87' lang='lat' dir='ltr'>ad</span> <span class='ocrx_word' id='word_1_65' title='bbox 2429 1439 2640 1507; x_wconf 84' lang='lat' dir='ltr'>filiam.</span> 
     </span>
     <span class='ocr_line' id='line_1_11' title="bbox 923 1551 2761 1634; baseline 0.004 -21"><span class='ocrx_word' id='word_1_66' title='bbox 923 1600 956 1634; x_wconf 86' lang='lat'><em>„</em></span> <span class='ocrx_word' id='word_1_67' title='bbox 1065 1553 1188 1615; x_wconf 82' lang='lat'>814</span> <span class='ocrx_word' id='word_1_68' title='bbox 1229 1570 1320 1633; x_wconf 88' lang='lat' dir='ltr'>sq.</span> <span class='ocrx_word' id='word_1_69' title='bbox 1365 1552 1526 1616; x_wconf 87' lang='lat' dir='ltr'>Nam</span> <span class='ocrx_word' id='word_1_70' title='bbox 1569 1551 1753 1618; x_wconf 91' lang='lat' dir='ltr'>hodie</span> <span class='ocrx_word' id='word_1_71' title='bbox 1796 1552 1950 1617; x_wconf 89' lang='lat' dir='ltr'>mihi</span> <span class='ocrx_word' id='word_1_72' title='bbox 1976 1558 2264 1634; x_wconf 88' lang='lat' dir='ltr'>potestas</span> <span class='ocrx_word' id='word_1_73' title='bbox 2304 1553 2474 1620; x_wconf 90' lang='lat' dir='ltr'>haud</span> <span class='ocrx_word' id='word_1_74' title='bbox 2516 1554 2761 1622; x_wconf 86' lang='lat' dir='ltr'>datast:</span> 
     </span>
     <span class='ocr_line' id='line_1_12' title="bbox 965 1665 2765 1750; baseline 0.003 -20"><span class='ocrx_word' id='word_1_75' title='bbox 965 1665 1069 1730; x_wconf 85' lang='lat' dir='ltr'>Ita</span> <span class='ocrx_word' id='word_1_76' title='bbox 1119 1666 1428 1733; x_wconf 85' lang='lat' dir='ltr'>cursando</span> <span class='ocrx_word' id='word_1_77' title='bbox 1479 1672 1673 1750; x_wconf 86' lang='lat' dir='ltr'>atque</span> <span class='ocrx_word' id='word_1_78' title='bbox 1726 1666 2104 1735; x_wconf 80' lang='lat' dir='ltr'>ambulando</span> <span class='ocrx_word' id='word_1_79' title='bbox 2156 1673 2361 1734; x_wconf 88' lang='lat' dir='ltr'>totum</span> <span class='ocrx_word' id='word_1_80' title='bbox 2411 1667 2576 1735; x_wconf 90' lang='lat' dir='ltr'>hunc</span> <span class='ocrx_word' id='word_1_81' title='bbox 2620 1689 2765 1738; x_wconf 90' lang='lat' dir='ltr'>con-</span> 
     </span>
     <span class='ocr_line' id='line_1_13' title="bbox 2173 1782 2550 1850; baseline 0.003 -2"><span class='ocrx_word' id='word_1_82' title='bbox 2173 1783 2322 1848; x_wconf 89' lang='lat' dir='ltr'>trivi</span> <span class='ocrx_word' id='word_1_83' title='bbox 2363 1782 2550 1850; x_wconf 85' lang='lat' dir='ltr'>diem.</span> 
     </span>
     <span class='ocr_line' id='line_1_14' title="bbox 865 1877 2763 1981; baseline 0.003 -23"><span class='ocrx_word' id='word_1_84' title='bbox 865 1892 1143 1974; x_wconf 77' lang='lat' dir='ltr'>Adelph.</span> <span class='ocrx_word' id='word_1_85' title='bbox 1186 1896 1326 1961; x_wconf 87' lang='lat'>310.</span> <span class='ocrx_word' id='word_1_86' title='bbox 1370 1895 1476 1960; x_wconf 90' lang='lat' dir='ltr'>Me</span> <span class='ocrx_word' id='word_1_87' title='bbox 1519 1896 1858 1978; x_wconf 86' lang='lat' dir='ltr'>miserum,</span> <span class='ocrx_word' id='word_1_88' title='bbox 1933 1877 2036 1962; x_wconf 83' lang='lat' dir='ltr'>vix</span> <span class='ocrx_word' id='word_1_89' title='bbox 2076 1915 2215 1962; x_wconf 89' lang='lat' dir='ltr'>sum</span> <span class='ocrx_word' id='word_1_90' title='bbox 2258 1915 2509 1978; x_wconf 87' lang='lat' dir='ltr'>compos</span> <span class='ocrx_word' id='word_1_91' title='bbox 2550 1897 2763 1981; x_wconf 85' lang='lat' dir='ltr'>animi,</span> 
     </span>
     <span class='ocr_line' id='line_1_15' title="bbox 1844 2009 2549 2089; baseline 0.003 -14"><span class='ocrx_word' id='word_1_92' title='bbox 1844 2010 1937 2076; x_wconf 90' lang='lat' dir='ltr'>ita</span> <span class='ocrx_word' id='word_1_93' title='bbox 1976 2009 2169 2089; x_wconf 82' lang='lat' dir='ltr'>ardeo</span> <span class='ocrx_word' id='word_1_94' title='bbox 2206 2010 2549 2078; x_wconf 84' lang='lat' dir='ltr'>iracundia.</span> 
     </span>
    </p>
   </div>
   <div class='ocr_carea' id='block_1_3' title="bbox 713 2137 2763 3239">
    <p class='ocr_par' dir='ltr' id='par_1_3' title="bbox 713 2137 2763 3239">
     <span class='ocr_line' id='line_1_16' title="bbox 713 2137 2143 2224; baseline 0.004 -21"><span class='ocrx_word' id='word_1_95' title='bbox 713 2137 1036 2205; x_wconf 84' lang='lat' dir='ltr'>Accedunt</span> <span class='ocrx_word' id='word_1_96' title='bbox 1080 2159 1156 2205; x_wconf 88' lang='lat' dir='ltr'>ex</span> <span class='ocrx_word' id='word_1_97' title='bbox 1199 2159 1354 2207; x_wconf 90' lang='lat' dir='ltr'>com.</span> <span class='ocrx_word' id='word_1_98' title='bbox 1396 2141 1582 2223; x_wconf 81' lang='lat' dir='ltr'>frgm.</span> <span class='ocrx_word' id='word_1_99' title='bbox 1627 2142 1785 2208; x_wconf 88' lang='lat' dir='ltr'>haec</span> <span class='ocrx_word' id='word_1_100' title='bbox 1828 2143 2143 2224; x_wconf 87' lang='lat' dir='ltr'>exempla:</span> 
     </span>
     <span class='ocr_line' id='line_1_17' title="bbox 873 2253 2763 2338; baseline 0.003 -20"><span class='ocrx_word' id='word_1_101' title='bbox 873 2253 1066 2320; x_wconf 86' lang='lat' dir='ltr'>Naev.</span> <span class='ocrx_word' id='word_1_102' title='bbox 1115 2256 1214 2320; x_wconf 83' lang='lat'>39.</span> <span class='ocrx_word' id='word_1_103' title='bbox 1260 2255 1449 2320; x_wconf 87' lang='lat' dir='ltr'>Ultro</span> <span class='ocrx_word' id='word_1_104' title='bbox 1485 2261 1789 2336; x_wconf 90' lang='lat' dir='ltr'>meretur,</span> <span class='ocrx_word' id='word_1_105' title='bbox 1835 2275 2023 2338; x_wconf 86' lang='lat' dir='ltr'>quam</span> <span class='ocrx_word' id='word_1_106' title='bbox 2063 2256 2143 2322; x_wconf 93' lang='lat' dir='ltr'>ob</span> <span class='ocrx_word' id='word_1_107' title='bbox 2171 2276 2307 2322; x_wconf 87' lang='lat' dir='ltr'>rem</span> <span class='ocrx_word' id='word_1_108' title='bbox 2348 2260 2627 2324; x_wconf 83' lang='lat' dir='ltr'>ametur:</span> <span class='ocrx_word' id='word_1_109' title='bbox 2671 2259 2763 2323; x_wconf 87' lang='lat' dir='ltr'>ita</span> 
     </span>
     <span class='ocr_line' id='line_1_18' title="bbox 1521 2368 2551 2452; baseline 0.003 -18"><span class='ocrx_word' id='word_1_110' title='bbox 1521 2368 1851 2451; x_wconf 82' lang='lat' dir='ltr'>dapsiliter</span> <span class='ocrx_word' id='word_1_111' title='bbox 1896 2389 2043 2436; x_wconf 91' lang='lat' dir='ltr'>suos</span> <span class='ocrx_word' id='word_1_112' title='bbox 2083 2371 2315 2436; x_wconf 87' lang='lat' dir='ltr'>amicos</span> <span class='ocrx_word' id='word_1_113' title='bbox 2352 2371 2363 2452; x_wconf 79' lang='grc' dir='ltr'>Ι</span> <span class='ocrx_word' id='word_1_114' title='bbox 2399 2370 2551 2437; x_wconf 86' lang='lat' dir='ltr'><strong>Alit.</strong></span> 
     </span>
     <span class='ocr_line' id='line_1_19' title="bbox 875 2481 2758 2566; baseline 0.003 -20"><span class='ocrx_word' id='word_1_115' title='bbox 875 2481 1056 2548; x_wconf 87' lang='lat' dir='ltr'>Caec.</span> <span class='ocrx_word' id='word_1_116' title='bbox 1100 2483 1192 2550; x_wconf 87' lang='lat' dir='ltr'>St.</span> <span class='ocrx_word' id='word_1_117' title='bbox 1237 2485 1337 2550; x_wconf 87' lang='lat'>33.</span> <span class='ocrx_word' id='word_1_118' title='bbox 1379 2483 1444 2550; x_wconf 92' lang='lat' dir='ltr'>Si</span> <span class='ocrx_word' id='word_1_119' title='bbox 1466 2501 1789 2566; x_wconf 57' lang='lat' dir='ltr'>properas</span> <span class='ocrx_word' id='word_1_120' title='bbox 1834 2483 2105 2564; x_wconf 84' lang='lat' dir='ltr'>escende</span> <span class='ocrx_word' id='word_1_121' title='bbox 2123 2484 2247 2550; x_wconf 90' lang='lat' dir='ltr'>huc</span> <span class='ocrx_word' id='word_1_122' title='bbox 2275 2503 2482 2550; x_wconf 89' lang='lat' dir='ltr'>meam</span> <span class='ocrx_word' id='word_1_123' title='bbox 2505 2503 2758 2553; x_wconf 87' lang='lat' dir='ltr'>navem:</span> 
     </span>
     <span class='ocr_line' id='line_1_20' title="bbox 2030 2598 2551 2667; baseline 0.004 -3"><span class='ocrx_word' id='word_1_124' title='bbox 2030 2601 2123 2666; x_wconf 88' lang='lat' dir='ltr'>ita</span> <span class='ocrx_word' id='word_1_125' title='bbox 2163 2598 2389 2667; x_wconf 86' lang='lat' dir='ltr'>celeris</span> <span class='ocrx_word' id='word_1_126' title='bbox 2432 2605 2551 2666; x_wconf 84' lang='lat' dir='ltr'>est.</span> 
     </span>
     <span class='ocr_line' id='line_1_21' title="bbox 873 2709 2762 2800; baseline 0.001 -22"><span class='ocrx_word' id='word_1_127' title='bbox 873 2712 1043 2778; x_wconf 86' lang='lat' dir='ltr'>Sext.</span> <span class='ocrx_word' id='word_1_128' title='bbox 1088 2712 1279 2794; x_wconf 86' lang='lat' dir='ltr'>Turp.</span> <span class='ocrx_word' id='word_1_129' title='bbox 1327 2717 1406 2778; x_wconf 86' lang='lat'>75</span> <span class='ocrx_word' id='word_1_130' title='bbox 1451 2733 1542 2796; x_wconf 89' lang='lat' dir='ltr'>sq.</span> <span class='ocrx_word' id='word_1_131' title='bbox 1587 2715 1753 2780; x_wconf 86' lang='lat' dir='ltr'>Erus</span> <span class='ocrx_word' id='word_1_132' title='bbox 1796 2712 2089 2798; x_wconf 90' lang='lat' dir='ltr'>stupidus</span> <span class='ocrx_word' id='word_1_133' title='bbox 2124 2713 2369 2780; x_wconf 81' lang='lat' dir='ltr'>adstat:</span> <span class='ocrx_word' id='word_1_134' title='bbox 2412 2715 2506 2780; x_wconf 91' lang='lat' dir='ltr'>ita</span> <span class='ocrx_word' id='word_1_135' title='bbox 2529 2709 2762 2800; x_wconf 83' lang='lat' dir='ltr'>-[enim]</span> 
     </span>
     <span class='ocr_line' id='line_1_22' title="bbox 1812 2829 2553 2910; baseline 0 -16"><span class='ocrx_word' id='word_1_136' title='bbox 1812 2829 1947 2894; x_wconf 87' lang='lat' dir='ltr'>eius</span> <span class='ocrx_word' id='word_1_137' title='bbox 1986 2833 2281 2910; x_wconf 87' lang='lat' dir='ltr'>aspectus</span> <span class='ocrx_word' id='word_1_138' title='bbox 2321 2846 2553 2910; x_wconf 90' lang='lat' dir='ltr'>repens</span> 
     </span>
     <span class='ocr_line' id='line_1_23' title="bbox 965 2941 2098 3025; baseline 0.001 -18"><span class='ocrx_word' id='word_1_139' title='bbox 965 2941 1086 3008; x_wconf 86' lang='lat' dir='ltr'>Cor</span> <span class='ocrx_word' id='word_1_140' title='bbox 1127 2941 1476 3024; x_wconf 88' lang='lat' dir='ltr'>torporavit</span> <span class='ocrx_word' id='word_1_141' title='bbox 1518 2942 1756 3008; x_wconf 90' lang='lat' dir='ltr'>homini</span> <span class='ocrx_word' id='word_1_142' title='bbox 1798 2961 2011 3009; x_wconf 89' lang='lat' dir='ltr'>amore</span> <span class='ocrx_word' id='word_1_143' title='bbox 2032 2944 2098 3025; x_wconf 83' lang='grc'>1).</span> 
     </span>
     <span class='ocr_line' id='line_1_24' title="bbox 877 3037 2621 3140; baseline 0.002 -20"><span class='ocrx_word' id='word_1_144' title='bbox 877 3104 910 3138; x_wconf 84' lang='lat'>,‚</span> <span class='ocrx_word' id='word_1_145' title='bbox 1039 3055 1229 3136; x_wconf 87' lang='lat' dir='ltr'>Turp.</span> <span class='ocrx_word' id='word_1_146' title='bbox 1277 3055 1427 3140; x_wconf 76' lang='grc'>9516</span> <span class='ocrx_word' id='word_1_147' title='bbox 1473 3107 1486 3119; x_wconf 95' lang='grc'><strong><em>.</em></strong></span> <span class='ocrx_word' id='word_1_148' title='bbox 1539 3109 1552 3122; x_wconf 93' lang='grc'><strong>.</strong></span> <span class='ocrx_word' id='word_1_149' title='bbox 1598 3105 1613 3120; x_wconf 92' lang='grc'><strong>.</strong></span> <span class='ocrx_word' id='word_1_150' title='bbox 1663 3107 1676 3122; x_wconf 94' lang='grc'><strong><em>.</em></strong></span> <span class='ocrx_word' id='word_1_151' title='bbox 1719 3075 1926 3138; x_wconf 92' lang='lat' dir='ltr'>neque</span> <span class='ocrx_word' id='word_1_152' title='bbox 1968 3055 2200 3122; x_wconf 86' lang='lat' dir='ltr'>durare</span> <span class='ocrx_word' id='word_1_153' title='bbox 2242 3074 2526 3139; x_wconf 87' lang='lat' dir='ltr'>possum:</span> <span class='ocrx_word' id='word_1_154' title='bbox 2616 3037 2621 3042; x_wconf 36' lang='lat'>⁸</span> 
     </span>
     <span class='ocr_line' id='line_1_25' title="bbox 963 3171 2712 3239; baseline -0.001 0"><span class='ocrx_word' id='word_1_155' title='bbox 963 3173 1064 3239; x_wconf 91' lang='lat' dir='ltr'>Ita</span> <span class='ocrx_word' id='word_1_156' title='bbox 1103 3172 1290 3239; x_wconf 90' lang='lat' dir='ltr'>huius</span> <span class='ocrx_word' id='word_1_157' title='bbox 1330 3173 1659 3238; x_wconf 84' lang='lat' dir='ltr'>inscientia</span> <span class='ocrx_word' id='word_1_158' title='bbox 1700 3192 1773 3238; x_wconf 92' lang='lat' dir='ltr'>ac</span> <span class='ocrx_word' id='word_1_159' title='bbox 1814 3171 2137 3238; x_wconf 89' lang='lat' dir='ltr'>dementia</span> <span class='ocrx_word' id='word_1_160' title='bbox 2179 3177 2501 3238; x_wconf 85' lang='lat' dir='ltr'>extorrem</span> <span class='ocrx_word' id='word_1_161' title='bbox 2543 3171 2712 3238; x_wconf 90' lang='lat' dir='ltr'>facit.</span> 
     </span>
    </p>
   </div>
   <div class='ocr_carea' id='block_1_4' title="bbox 538 3308 2767 3965">
    <p class='ocr_par' dir='ltr' id='par_1_4' title="bbox 538 3308 2767 3965">
     <span class='ocr_line' id='line_1_26' title="bbox 541 3308 2763 3392; baseline -0.001 -18"><span class='ocrx_word' id='word_1_162' title='bbox 541 3309 852 3375; x_wconf 84' lang='lat' dir='ltr'>Perfacile</span> <span class='ocrx_word' id='word_1_163' title='bbox 892 3312 958 3375; x_wconf 91' lang='lat' dir='ltr'>in</span> <span class='ocrx_word' id='word_1_164' title='bbox 1001 3309 1286 3376; x_wconf 90' lang='lat' dir='ltr'>omnibus</span> <span class='ocrx_word' id='word_1_165' title='bbox 1329 3310 1466 3375; x_wconf 85' lang='lat' dir='ltr'>fere</span> <span class='ocrx_word' id='word_1_166' title='bbox 1509 3309 1811 3392; x_wconf 90' lang='lat' dir='ltr'>exemplis</span> <span class='ocrx_word' id='word_1_167' title='bbox 1868 3309 2051 3376; x_wconf 91' lang='lat' dir='ltr'>modo</span> <span class='ocrx_word' id='word_1_168' title='bbox 2093 3309 2332 3376; x_wconf 84' lang='lat' dir='ltr'>allatis¹</span> <span class='ocrx_word' id='word_1_169' title='bbox 2367 3308 2763 3375; x_wconf 87' lang='lat' dir='ltr'>enuntiatum</span> 
     </span>
     <span class='ocr_line' id='line_1_27' title="bbox 542 3405 2764 3507; baseline -0.001 -17"><span class='ocrx_word' id='word_1_170' title='bbox 542 3426 820 3491; x_wconf 83' lang='lat' dir='ltr'>alterum</span> <span class='ocrx_word' id='word_1_171' title='bbox 862 3405 1294 3492; x_wconf 87' lang='lat' dir='ltr'>coniunctione</span> <span class='ocrx_word' id='word_1_172' title='bbox 1338 3425 1574 3491; x_wconf 90' lang='lat' dir='ltr'>causali</span> <span class='ocrx_word' id='word_1_173' title='bbox 1620 3424 1823 3507; x_wconf 88' lang='lat' dir='ltr'>‚quod‘</span> <span class='ocrx_word' id='word_1_174' title='bbox 1875 3424 1977 3490; x_wconf 87' lang='lat' dir='ltr'>vel</span> <span class='ocrx_word' id='word_1_175' title='bbox 2020 3428 2202 3505; x_wconf 87' lang='lat' dir='ltr'>‚cum‘</span> <span class='ocrx_word' id='word_1_176' title='bbox 2246 3422 2539 3504; x_wconf 86' lang='lat' dir='ltr'>subiungi</span> <span class='ocrx_word' id='word_1_177' title='bbox 2579 3441 2764 3506; x_wconf 85' lang='lat' dir='ltr'>posse</span> 
     </span>
     <span class='ocr_line' id='line_1_28' title="bbox 538 3537 2761 3622; baseline -0.001 -17"><span class='ocrx_word' id='word_1_178' title='bbox 538 3538 932 3605; x_wconf 85' lang='lat' dir='ltr'>intellexeris</span> <span class='ocrx_word' id='word_1_179' title='bbox 973 3545 1166 3622; x_wconf 89' lang='lat' dir='ltr'>atque</span> <span class='ocrx_word' id='word_1_180' title='bbox 1207 3540 1461 3621; x_wconf 87' lang='lat' dir='ltr'>saepius</span> <span class='ocrx_word' id='word_1_181' title='bbox 1503 3539 1702 3620; x_wconf 90' lang='lat' dir='ltr'>ipsius</span> <span class='ocrx_word' id='word_1_182' title='bbox 1744 3538 2092 3620; x_wconf 87' lang='lat' dir='ltr'>particulae</span> <span class='ocrx_word' id='word_1_183' title='bbox 2137 3538 2406 3603; x_wconf 89' lang='lat' dir='ltr'>causalis</span> <span class='ocrx_word' id='word_1_184' title='bbox 2448 3538 2583 3603; x_wconf 90' lang='lat' dir='ltr'>loco</span> <span class='ocrx_word' id='word_1_185' title='bbox 2630 3537 2761 3618; x_wconf 88' lang='lat' dir='ltr'>,ita‘</span> 
     </span>
     <span class='ocr_line' id='line_1_29' title="bbox 540 3650 2764 3737; baseline -0.001 -18"><span class='ocrx_word' id='word_1_186' title='bbox 540 3672 682 3720; x_wconf 91' lang='lat' dir='ltr'>esse</span> <span class='ocrx_word' id='word_1_187' title='bbox 724 3653 996 3736; x_wconf 90' lang='lat' dir='ltr'>positum</span> <span class='ocrx_word' id='word_1_188' title='bbox 1040 3653 1270 3720; x_wconf 88' lang='lat' dir='ltr'>dixeris</span> <span class='ocrx_word' id='word_1_189' title='bbox 1293 3655 1369 3737; x_wconf 84' lang='lat'>2).</span> <span class='ocrx_word' id='word_1_190' title='bbox 1455 3653 1675 3736; x_wconf 92' lang='lat' dir='ltr'>Neque</span> <span class='ocrx_word' id='word_1_191' title='bbox 1718 3660 1933 3719; x_wconf 88' lang='lat' dir='ltr'>tamen</span> <span class='ocrx_word' id='word_1_192' title='bbox 1989 3653 2319 3735; x_wconf 87' lang='lat' dir='ltr'>parataxin</span> <span class='ocrx_word' id='word_1_193' title='bbox 2334 3703 2349 3732; x_wconf 91' lang='lat'>,</span> <span class='ocrx_word' id='word_1_194' title='bbox 2406 3669 2570 3734; x_wconf 89' lang='lat' dir='ltr'>quae</span> <span class='ocrx_word' id='word_1_195' title='bbox 2611 3650 2764 3717; x_wconf 92' lang='lat' dir='ltr'>dici-</span> 
     </span>
     <span class='ocr_line' id='line_1_30' title="bbox 540 3767 2763 3850; baseline -0.001 -16"><span class='ocrx_word' id='word_1_196' title='bbox 540 3774 678 3845; x_wconf 86' lang='lat' dir='ltr'>tur,</span> <span class='ocrx_word' id='word_1_197' title='bbox 740 3769 1056 3835; x_wconf 86' lang='lat' dir='ltr'>causalem</span> <span class='ocrx_word' id='word_1_198' title='bbox 1118 3769 1243 3834; x_wconf 89' lang='lat' dir='ltr'>illis</span> <span class='ocrx_word' id='word_1_199' title='bbox 1303 3769 1456 3835; x_wconf 90' lang='lat' dir='ltr'>locis</span> <span class='ocrx_word' id='word_1_200' title='bbox 1509 3767 1803 3850; x_wconf 87' lang='lat' dir='ltr'>praeberi</span> <span class='ocrx_word' id='word_1_201' title='bbox 1864 3768 2295 3850; x_wconf 83' lang='lat' dir='ltr'>concedimus3</span> <span class='ocrx_word' id='word_1_202' title='bbox 2366 3767 2763 3834; x_wconf 87' lang='lat' dir='ltr'>enuntiatum</span> 
     </span>
     <span class='ocr_line' id='line_1_31' title="bbox 541 3880 2767 3965; baseline -0 -17"><span class='ocrx_word' id='word_1_203' title='bbox 541 3885 706 3949; x_wconf 91' lang='lat' dir='ltr'>enim</span> <span class='ocrx_word' id='word_1_204' title='bbox 749 3884 1021 3950; x_wconf 88' lang='lat' dir='ltr'>alterum</span> <span class='ocrx_word' id='word_1_205' title='bbox 1063 3903 1184 3950; x_wconf 92' lang='lat' dir='ltr'>non</span> <span class='ocrx_word' id='word_1_206' title='bbox 1231 3884 1539 3950; x_wconf 88' lang='lat' dir='ltr'>enuntiati</span> <span class='ocrx_word' id='word_1_207' title='bbox 1582 3883 1854 3949; x_wconf 87' lang='lat' dir='ltr'>causalis</span> <span class='ocrx_word' id='word_1_208' title='bbox 1896 3885 2031 3950; x_wconf 90' lang='lat' dir='ltr'>loco</span> <span class='ocrx_word' id='word_1_209' title='bbox 2073 3902 2112 3948; x_wconf 93' lang='lat' dir='ltr'>a</span> <span class='ocrx_word' id='word_1_210' title='bbox 2158 3889 2348 3965; x_wconf 85' lang='lat' dir='ltr'>poeta</span> <span class='ocrx_word' id='word_1_211' title='bbox 2375 3880 2767 3964; x_wconf 85' lang='lat' dir='ltr'>paratactica</span> 
     </span>
    </p>
   </div>
   <div class='ocr_carea' id='block_1_5' title="bbox 541 4031 962 4040">
    <p class='ocr_par' dir='ltr' id='par_1_5' title="bbox 541 4031 962 4040">
     <span class='ocr_line' id='line_1_32' title="bbox 541 4031 962 4040; baseline 0 0"><span class='ocrx_word' id='word_1_212' title='bbox 541 4031 962 4040; x_wconf 95' lang='lat' dir='ltr'> </span> 
     </span>
    </p>
   </div>
   <div class='ocr_carea' id='block_1_6' title="bbox 542 4121 2761 4401">
    <p class='ocr_par' dir='ltr' id='par_1_6' title="bbox 542 4121 2761 4401">
     <span class='ocr_line' id='line_1_33' title="bbox 686 4121 2760 4196; baseline 0.001 -20"><span class='ocrx_word' id='word_1_213' title='bbox 686 4123 740 4186; x_wconf 94' lang='lat'>1)</span> <span class='ocrx_word' id='word_1_214' title='bbox 777 4123 1124 4181; x_wconf 85' lang='lat' dir='ltr'>Particulam</span> <span class='ocrx_word' id='word_1_215' title='bbox 1161 4126 1358 4196; x_wconf 88' lang='lat' dir='ltr'>‚enim‘‚</span> <span class='ocrx_word' id='word_1_216' title='bbox 1411 4142 1575 4194; x_wconf 86' lang='lat' dir='ltr'>quam</span> <span class='ocrx_word' id='word_1_217' title='bbox 1611 4125 1862 4181; x_wconf 89' lang='lat' dir='ltr'>Ribbeck</span> <span class='ocrx_word' id='word_1_218' title='bbox 1899 4123 2156 4180; x_wconf 86' lang='lat' dir='ltr'>omissam</span> <span class='ocrx_word' id='word_1_219' title='bbox 2206 4139 2326 4179; x_wconf 87' lang='lat' dir='ltr'>esse</span> <span class='ocrx_word' id='word_1_220' title='bbox 2375 4127 2568 4192; x_wconf 84' lang='lat' dir='ltr'>putat,</span> <span class='ocrx_word' id='word_1_221' title='bbox 2624 4121 2760 4178; x_wconf 87' lang='lat' dir='ltr'>locis</span> 
     </span>
     <span class='ocr_line' id='line_1_34' title="bbox 542 4227 2086 4298; baseline -0.001 -17"><span class='ocrx_word' id='word_1_222' title='bbox 542 4228 742 4284; x_wconf 86' lang='lat' dir='ltr'>ceteris</span> <span class='ocrx_word' id='word_1_223' title='bbox 782 4228 1116 4296; x_wconf 83' lang='lat' dir='ltr'>comparatis</span> <span class='ocrx_word' id='word_1_224' title='bbox 1153 4244 1623 4298; x_wconf 85' lang='lat' dir='ltr'>supervacaneam</span> <span class='ocrx_word' id='word_1_225' title='bbox 1662 4243 1782 4283; x_wconf 89' lang='lat' dir='ltr'>esse</span> <span class='ocrx_word' id='word_1_226' title='bbox 1820 4227 2086 4283; x_wconf 77' lang='lat' dir='ltr'>videmus,</span> 
     </span>
     <span class='ocr_line' id='line_1_35' title="bbox 685 4325 2761 4401; baseline 0.001 -18"><span class='ocrx_word' id='word_1_227' title='bbox 685 4329 740 4398; x_wconf 81' lang='grc'>2)</span> <span class='ocrx_word' id='word_1_228' title='bbox 780 4330 850 4386; x_wconf 86' lang='lat' dir='ltr'>cf.</span> <span class='ocrx_word' id='word_1_229' title='bbox 892 4330 1131 4401; x_wconf 87' lang='lat' dir='ltr'>Spengel</span> <span class='ocrx_word' id='word_1_230' title='bbox 1170 4329 1257 4384; x_wconf 89' lang='lat' dir='ltr'>ad.</span> <span class='ocrx_word' id='word_1_231' title='bbox 1297 4329 1466 4384; x_wconf 89' lang='lat' dir='ltr'>Andr.</span> <span class='ocrx_word' id='word_1_232' title='bbox 1509 4331 1628 4385; x_wconf 81' lang='lat'><strong>173.</strong></span> <span class='ocrx_word' id='word_1_233' title='bbox 1681 4330 1809 4398; x_wconf 86' lang='lat' dir='ltr'>‚Ita‘</span> <span class='ocrx_word' id='word_1_234' title='bbox 1859 4327 2051 4398; x_wconf 67' lang='lat' dir='ltr'>haufig</span> <span class='ocrx_word' id='word_1_235' title='bbox 2099 4326 2284 4399; x_wconf 80' lang='lat' dir='ltr'>gleich</span> <span class='ocrx_word' id='word_1_236' title='bbox 2334 4326 2489 4382; x_wconf 88' lang='lat' dir='ltr'>einer</span> <span class='ocrx_word' id='word_1_237' title='bbox 2536 4325 2761 4385; x_wconf 78' lang='lat' dir='ltr'>Causal·</span> 
     </span>
    </p>
   </div>
   <div class='ocr_carea' id='block_1_7' title="bbox 540 4412 1683 4516">
    <p class='ocr_par' dir='ltr' id='par_1_7' title="bbox 540 4412 1683 4516">
     <span class='ocr_line' id='line_1_36' title="bbox 540 4412 1683 4516; baseline -0.003 -24"><span class='ocrx_word' id='word_1_238' title='bbox 540 4412 788 4516; x_wconf 71' lang='lat' dir='ltr'>pa&#39;rtikel</span> <span class='ocrx_word' id='word_1_239' title='bbox 824 4432 900 4496; x_wconf 88' lang='lat' dir='ltr'>im</span> <span class='ocrx_word' id='word_1_240' title='bbox 937 4433 1230 4496; x_wconf 72' lang='lat' dir='ltr'>Gebrauch¹</span> <span class='ocrx_word' id='word_1_241' title='bbox 1267 4433 1366 4496; x_wconf 87' lang='lat' dir='ltr'>der</span> <span class='ocrx_word' id='word_1_242' title='bbox 1401 4433 1683 4494; x_wconf 83' lang='lat' dir='ltr'>Komiker.</span> 
     </span>
    </p>
   </div>
   <div class='ocr_carea' id='block_1_8' title="bbox 3283 2341 3287 2860">
    <p class='ocr_par' dir='ltr' id='par_1_8' title="bbox 3283 2341 3287 2860">
     <span class='ocr_line' id='line_1_37' title="bbox 3283 2341 3287 2860; baseline 0 0"><span class='ocrx_word' id='word_1_243' title='bbox 3283 2341 3287 2860; x_wconf 95' lang='lat' dir='ltr'> </span> 
     </span>
    </p>
   </div>
  </div>
 </body>
</html>
