3300 4984
606 497 823 564 critico
866 495 1154 562 editionis
1196 493 1810 578 Umpfenbachianae
1840 496 1892 578 1)
1950 494 2358 562 fundamento
2396 510 2547 559 usus
2590 509 2817 560 novam

596 611 858 694 >paravit
900 610 1238 676 editionem
1281 609 1539 675 Terenti
1582 610 2039 676 comoediarum
2060 610 2133 692 2).
2222 607 2609 674 Comicorum
2650 605 2815 686 frag-

609 733 823 792 menta
866 744 942 791 ex
984 727 1190 792 altera
1229 723 1529 790 Ribbecki
1552 724 1604 808 ³)
1650 723 1923 792 editione
1965 723 2245 790 afferam.

1683 1149 1733 1215 I.

768 1401 840 1469 In
868 1400 1296 1484 paratacticae
1327 1405 1688 1468 structurae
1717 1399 1933 1468 formis
1971 1400 2182 1476 nescio
2211 1417 2333 1484 quo
2358 1406 2545 1484 pacto
2572 1406 2815 1467 rectam

605 1533 765 1596 quae
819 1496 1069 1581 dicitur'
1104 1515 1451 1583 orationem
1504 1515 1791 1596 inprimis
1855 1515 2175 1612 numerari
2225 1515 2429 1580 liceat.
2535 1513 2813 1580 Maxime

605 1630 771 1696 enim
803 1717 808 1724 ι
819 1630 1142 1712 proprium
1187 1636 1288 1696 est
1328 1630 1634 1697 sermonis
1678 1649 1801 1696 non
1833 1631 2037 1696 minus
2082 1630 2407 1696 familiaris
2448 1647 2633 1712 quam
2665 1629 2814 1694 coti-

605 1743 773 1808 diani
816 1746 1102 1809 oratione
1145 1750 1326 1810 recta
1366 1745 1488 1824 uti,
1545 1743 1610 1810 id
1653 1744 1821 1827 quod
1878 1745 2224 1810 clarissime
2266 1742 2580 1809 redundat
2622 1743 2815 1808 etiam

603 1837 678 1923 ex
721 1863 937 1925 nostro
980 1860 1288 1924 communi
1327 1877 1501 1926 more
1543 1857 1859 1941 loquendi.
1947 1858 2327 1940 Plerumque
2366 1857 2533 1922 enim
2575 1855 2677 1934 fit,
2745 1861 2815 1921 ut

600 1971 680 2038 ab
722 1991 826 2052 eo,
888 1973 994 2052 qui
1035 1971 1312 2054 loquitur
1331 2022 1346 2051 ‚
1402 1973 1686 2039 oratione
1727 1978 1907 2038 recta
1948 1969 2143 2036 verba
2184 1977 2593 2052 repetantur,
2650 1973 2815 2051 quae

598 2086 732 2168 ipse
775 2086 1012 2152 aliusve
1032 2085 1306 2176 ‚quidam
1348 2085 1471 2152 alio
1540 2092 1825 2168 tempore
1878 2085 2037 2151 dixit
2078 2103 2193 2151 seu
2235 2085 2552 2165 cogitavit.
2639 2083 2813 2149 Idem

605 2199 896 2279 occurrit,
935 2199 990 2264 si
1019 2200 1156 2280 quis
1187 2199 1382 2266 verba
1411 2198 1618 2279 affert,
1661 2217 1823 2282 quae
1865 2217 1935 2264 se
1965 2199 2169 2280 ipsum
2200 2197 2471 2263 aliumve
2500 2197 2815 2264 dicturum

597 2331 740 2378 esse
784 2311 1117 2394 aliquando
1159 2309 1356 2394 fingit.
1445 2313 1564 2378 Hic
1618 2330 1772 2394 usus
1824 2330 1947 2376 non
2007 2311 2253 2377 alienus
2303 2310 2425 2376 fuit
2479 2329 2517 2374 a
2555 2309 2814 2375 Terenti

598 2423 847 2492 dicendi
895 2445 1130 2508 genere
1183 2427 1248 2491 in
1307 2425 1606 2494 diverbiis
1662 2407 2055 2509 potissimum
2106 2433 2409 2508 usurpato
2427 2478 2442 2506 ,
2510 2445 2631 2508 quo
2683 2445 2814 2492 ser-

599 2541 798 2606 monis
841 2540 1135 2608 cotidiani
1177 2559 1416 2607 morem
1459 2547 1634 2606 certe
1675 2541 1993 2618 imitatum
2036 2559 2175 2607 esse
2207 2540 2533 2622 putaveris
2562 2546 2815 2621 poetam

599 2655 922 2721 comicum.
989 2655 1200 2738 Atque
1244 2655 1612 2738 saepissime
1657 2657 1723 2720 in
1768 2655 2022 2721 modum
2054 2660 2409 2721 ceterorum
2439 2653 2815 2735 scriptorum

603 2771 978 2837 Latinorum
1015 2771 1354 2837 Terentius
1406 2772 1471 2837 in
1527 2771 1812 2837 oratione
1878 2777 2058 2836 recta
2112 2768 2437 2834 afferenda
2480 2767 2669 2834 verbo
2724 2768 2816 2846 ,in

599 2889 834 2968 quam‘
882 2886 1102 2964 utitur,
1147 2884 1310 2968 quod
1353 2904 1610 2966 semper
1652 2886 1771 2951 toti
1812 2885 2082 2951 orationi
2120 2885 2223 2950 vel
2266 2884 2434 2965 parti
2476 2889 2651 2949 certe
2682 2883 2817 2948 eius

597 2999 888 3081 postponi
944 3006 1164 3064 notum
1218 3004 1333 3064 est.
1431 2999 1589 3064 Cum
1644 2997 1744 3064 hic
1798 2997 2257 3079 paratacticae‚
2313 3004 2387 3064 ut
2450 2999 2539 3062 ita
2590 2995 2814 3075 dicam,

597 3117 961 3178 structurae
1002 3129 1154 3176 usus
1196 3109 1277 3176 ab
1319 3111 1556 3182 usitato
1599 3129 1836 3193 genere
1878 3110 2127 3176 dicendi
2170 3111 2418 3176 omnino
2476 3128 2599 3175 non
2642 3127 2815 3174 rece-

597 3226 730 3307 dat,
775 3227 931 3292 satis
975 3245 1116 3291 esse
1157 3232 1310 3306 puto
1352 3225 1453 3291 hic
1495 3245 1732 3309 ponere
1775 3225 1941 3309 apud
1969 3225 2337 3291 Terentium
2380 3225 2533 3291 locis
2560 3232 2815 3306 septen·

598 3338 799 3405 decim
820 3342 892 3422 4),
937 3341 1000 3404 in
1042 3341 1266 3406 Horati
1309 3339 1702 3407 sermonibus
1742 3341 1913 3424 (nam
1956 3340 2158 3406 solum
2201 3339 2319 3405 hoc
2366 3358 2564 3420 genus
2594 3339 2815 3405 Horati

742 3619 796 3686 1)
833 3617 892 3672 Ρ.
932 3617 1161 3673 Terenti
1199 3619 1538 3690 comoediae,
1593 3619 1678 3675 ed.
1732 3625 1790 3674 et
1828 3635 1952 3689 app.
1994 3617 2114 3674 crit.
2154 3617 2314 3673 instr.
2353 3618 2456 3673 Fr.
2494 3618 2699 3686 Umpf
2710 3633 2738 3673 e
2754 3633 2813 3672 n-

597 3721 792 3776 bach.
834 3720 1024 3776 Berlin
1062 3721 1218 3777 1870.

741 3842 796 3909 2)
832 3841 894 3898 P.
932 3840 1164 3897 Terenti
1202 3840 1513 3896 comoediae
1551 3857 1660 3896 rec.
1702 3841 2007 3896 Carolus
2045 3840 2425 3899 Dziatzko.
2477 3841 2627 3910 Lips.
2676 3841 2815 3898 1884

497 3999 501 4001 ,
603 3942 977 4012 (Tauchnitz).

739 4062 796 4133 3)
837 4062 1031 4120 Scaen.
1091 4063 1249 4120 Rom.
1301 4062 1491 4118 Possis
1546 4063 1749 4134 fragm.
1807 4065 1914 4121 vol.
1976 4063 2062 4123 ΙΙ.»
2106 4064 2253 4120 Com.
2308 4064 2506 4136 fragm.
2564 4065 2615 4120 2.
2664 4063 2811 4121 Aufl.

603 4164 757 4234 Lips.
797 4165 950 4222 1873.

737 4286 798 4358 4)
835 4287 1006 4342 Andr.
1063 4285 1183 4341 134.
1240 4287 1365 4342 254.
1419 4287 1545 4344 451.
1598 4287 1723 4342 453.
1781 4289 1921 4343 Eun.
1970 4287 2092 4344 337.
2151 4286 2273 4342 342.
2332 4287 2458 4344 580.
2512 4287 2634 4342 594.
2692 4287 2811 4342 624.

596 4391 810 4444 Phorm.
850 4389 937 4442 93.
977 4389 1095 4443 110.
1137 4389 1265 4446 650.
1303 4389 1424 4444 667.
1465 4389 1589 4445 674.
1628 4389 1751 4446 865.
1789 4390 1911 4444 911.
1950 4389 2086 4444 Hec.
2126 4389 2247 4443 386.
2440 4389 2443 4392 “
