3300 4984
1443 371 1855 436 ...34-

871 553 1026 620 Hec.
1075 555 1216 619 556.
1259 553 1448 620 Mitte
1491 553 1962 622 adulescentem
2004 551 2263 620 obsecro
2298 551 2309 638 Ι
2346 552 2433 620 Et
2462 571 2625 637 quae
2652 570 2753 620 me

2088 685 2387 750 peccasse
2428 667 2543 736 ais.

707 781 1040 849 Nonnullis
1078 781 1234 848 locis
1271 782 1585 850 obiectum
1628 785 1736 862 ,te‘
1778 778 1971 848 verbo
2013 780 2299 850 additur:

877 895 1066 962 Andr.
1111 897 1251 962 351.
1295 894 1572 963 Obsecro
1611 900 1703 977 te,
1745 913 1934 979 quam
1974 895 2246 978 primum
2286 895 2404 963 hoc
2434 914 2535 962 me
2557 893 2759 962 libera

2009 1009 2309 1076 miserum
2348 1014 2546 1076 metu.

875 1121 1108 1190 Heaut.
1153 1123 1298 1189 302.
1343 1121 1568 1204 Perge,
1609 1120 1873 1189 obsecro
1913 1128 2001 1204 te,
2043 1130 2111 1190 et
2151 1141 2305 1191 cave
2349 1172 2366 1189 .
2414 1174 2430 1190 .
2474 1173 2491 1190 .
2538 1175 2554 1190 .

875 1235 1139 1319 Adelph.
1184 1237 1302 1301 281
1349 1253 1441 1319 sq.
1483 1234 1761 1302 Obsecro
1802 1241 1871 1303 te
1911 1236 2146 1318 hercle,
2209 1236 2524 1306 hominem
2566 1235 2760 1304 istum

2057 1352 2550 1436 inpurissumum

967 1466 1172 1544 Quam
1212 1465 1485 1548 primum
1527 1465 1905 1536 absolvitote
1951 1515 1970 1536 .
2015 1519 2030 1536 .
2076 1514 2093 1532 .
2138 1515 2157 1536 .

879 1577 1147 1660 Adelph.
1193 1581 1334 1644 325.
1379 1579 1714 1662 Eloquere,
1759 1577 2022 1647 obsecro
2061 1586 2150 1663 te,
2194 1578 2342 1664 quid
2388 1579 2475 1648 sit
2486 1579 2562 1666 1).

693 1863 748 1932 1)
787 1863 876 1920 Sic
913 1865 1179 1935 scriptum
1217 1871 1306 1921 est
1342 1865 1400 1922 in
1438 1866 1524 1923 ed.
1563 1866 1959 1936 Umpfenbach.
1997 1867 2268 1926 Fleckeis.
2305 1867 2595 1938 SpengeL3
2634 1865 2764 1924 libri

550 1981 736 2021 omnes
773 1966 1014 2022 habent:
1068 1967 1358 2036 ,Eloquere
1395 1984 1550 2039 ergo,
1590 1968 1816 2025 obsecro
1855 1975 1932 2036 te,
1987 1969 2120 2039 quid
2154 1969 2250 2026 sit‘
2286 1985 2429 2038 quae
2466 1974 2643 2024 metro
2679 1982 2765 2024 re-

549 2075 822 2158 pugnant.
898 2069 1259 2127 Coniunctivo
1299 2070 1407 2140 ,sit‘
1445 2071 1658 2127 nullum
1694 2071 1874 2128 locum
1912 2087 2033 2128 esse
2069 2073 2284 2128 Becker
2322 2072 2379 2140 (l.
2402 2071 2437 2128 1.
2460 2089 2511 2142 p.
2534 2069 2639 2125 152
2660 2071 2763 2140 sq.)

552 2171 972 2228 accuratissime
1010 2172 1427 2243 demonstravit,
1467 2172 1561 2242 qui
1596 2172 1725 2228 huic
1761 2175 1949 2231 versui
1983 2174 2103 2244 ipse
2141 2173 2347 2244 duplici
2382 2172 2541 2230 modo
2558 2170 2767 2229 mederi

553 2280 788 2332 conatus
823 2280 930 2331 est.
1003 2274 1219 2346 Verbis,
1277 2291 1422 2345 quae
1456 2276 1801 2346 praecedunt
1841 2282 1900 2333 et
1937 2293 2078 2345 quae
2115 2282 2440 2346 sequuntur,
2494 2274 2768 2346 respectis

553 2379 753 2434 Getam
811 2392 1026 2447 semper
1081 2377 1334 2448 singulas
1386 2393 1551 2435 voces
1605 2376 1913 2448 exprimere
1968 2383 2169 2448 monet,
2231 2379 2332 2434 hoc
2385 2383 2611 2435 tantum
2646 2377 2768 2433 loco

547 2482 630 2550 Qv.
669 2479 798 2548 325)
836 2481 1151 2536 exclamare
1187 2480 1327 2536 duas
1351 2493 1532 2538 voces.
1605 2479 1915 2546 ,Pei-fimus,
1952 2481 2260 2550 Actumst‘;
2298 2495 2469 2550 quare
2486 2495 2596 2536 non
2622 2494 2765 2535 sem-

548 2598 651 2654 per
689 2583 970 2646 ,actumst‘
1007 2582 1108 2637 hoc
1145 2582 1263 2637 loco
1302 2582 1570 2652 scriptum
1606 2583 1780 2640 fuisse
1818 2583 1872 2640 ei
1907 2583 2149 2654 videtur,
2185 2584 2283 2639 sed
2321 2599 2357 2639 a
2387 2580 2614 2638 librario
2639 2585 2767 2651 post

551 2685 880 2742 vocabulum
917 2684 1084 2754 ‚quid‘
1122 2684 1572 2754 praetermissum
1610 2692 1671 2742 et
1728 2685 1787 2742 in
1834 2686 2088 2758 margine
2134 2685 2405 2756 additum,
2462 2689 2663 2755 postea
2696 2683 2769 2740 ab

550 2788 682 2856 alio,
719 2788 814 2857 qui
851 2787 1072 2858 signum
1108 2787 1423 2857 appositum
1460 2805 1574 2846 non
1611 2789 1951 2861 observavit,
2011 2806 2183 2860 prave
2221 2790 2279 2845 in
2316 2805 2508 2846 versus
2546 2787 2767 2844 initium

549 2889 980 2960 transscriptum
1017 2905 1166 2959 esse;
1222 2889 1523 2961 genuinam
1572 2891 1752 2962 igitur
1805 2891 1970 2952 huius
2025 2893 2131 2948 loci
2185 2893 2419 2948 formam
2471 2889 2613 2947 hanc
2651 2890 2770 2946 fere

552 2993 726 3050 fuisse
766 2992 1001 3048 statuit:
1066 2992 1134 3048 G.
1171 2991 1460 3058 Periinius.
1535 2993 1588 3050 S.
1626 2994 1902 3063 Eloquere
1940 3010 2093 3065 ergo,
2132 2999 2192 3050 te
2230 2993 2471 3063 obsecro,
2509 2991 2643 3061 quid
2681 3007 2771 3047 ac·

553 3101 751 3152 tumst.
827 3094 934 3151 Sed
972 3094 1074 3150 hoc
1111 3110 1211 3150 nos
1249 3095 1482 3151 offendit
1518 3095 1577 3151 in
1615 3097 1998 3153 emendatione
2035 3097 2297 3166 Beckeri,
2361 3095 2637 3152 obiectum
2675 3095 2771 3164 ,te‘

551 3199 721 3256 verbo
761 3197 1021 3265 ,obsecro‘
1057 3197 1436 3267 praepositum
1475 3215 1628 3257 esse:
1668 3215 1812 3269 quae
1849 3199 2054 3256 obiecti
2090 3198 2380 3254 collocatio
2416 3214 2525 3254 non
2561 3195 2777 3253 inveni·

550 3307 647 3358 tur
682 3300 790 3358 nisi
829 3300 888 3356 in
911 3300 1122 3355 duobus
1142 3301 1406 3370 exemplis
1427 3317 1495 3357 ex
1516 3303 1686 3358 Andr.
1710 3307 1771 3359 et
1794 3301 1853 3357 in
1870 3317 1979 3357 uno
2000 3317 2069 3358 ex
2106 3301 2247 3356 Eun.
2287 3299 2435 3355 infra
2473 3300 2546 3369 (p.
2571 3299 2643 3352 35
2667 3297 2773 3368 sq.)

552 3404 762 3473 allatis,
817 3402 913 3459 ubi
964 3402 1275 3459 coniunctio
1314 3404 1412 3473 ,ut‘
1461 3404 1689 3461 verbum
1739 3405 1996 3475 ,obsecro‘
2046 3403 2312 3473 sequitur.
2385 3401 2661 3459 Dziatzko
2697 3401 2757 3458 iu

552 3511 684 3567 adn.
722 3509 794 3564 ad
831 3507 885 3563 h.
931 3509 970 3563 1.
1029 3506 1276 3562 Beckero
1331 3507 1747 3574 assentiendum
1805 3524 1926 3565 esse
1982 3506 2140 3574 dicit,
2196 3505 2605 3562 coniunctivnm
2662 3504 2759 3572 ,sit

550 3629 784 3684 pravum
821 3627 961 3680 esse,
998 3611 1095 3666 sed
1130 3609 1351 3667 facilius
1386 3611 1687 3667 remedium
1723 3610 2091 3666 adhibendum
2109 3608 2393 3678 proponit:
2432 3607 2633 3663 Getam
2651 3605 2755 3662 hoc

552 3717 671 3774 loco
709 3716 848 3770 duas
884 3728 1047 3770 voces
1085 3713 1396 3770 exclamare
1431 3712 1654 3773 minime
1693 3728 1814 3770 esse
1848 3711 2064 3781 mirum,
2100 3711 2245 3780 quod
2280 3709 2366 3764 his
2402 3706 2587 3766 verbis
2605 3723 2777 3765 enun—
2888 3715 2903 3730 ‘

471 3881 479 3900 ‚
553 3803 762 3876 tiatum
799 3816 1021 3886 saepius
1056 3815 1429 3886 interruptum
1467 3815 1716 3881 finiatur,
1782 3813 2118 3885 particulam
2172 3811 2346 3881 ,ergo‘
2404 3826 2472 3866 ex
2508 3809 2775 3882 analogia

554 3941 608 3980 v.
645 3921 754 3978 324
791 3925 851 3978 et
887 3920 994 3976 326
1032 3936 1066 3975 a
1089 3919 1332 3975 ‘librario
1371 3919 1652 3975 adiectam
1687 3934 1826 3975 esse.
1899 3917 2122 3972 Mutare
2171 3913 2350 3984 igitur
2404 3918 2637 3969 conatus
2686 3918 2778 3969 est

557 4023 668 4097 ,sit‘
703 4024 761 4080 in
803 4023 920 4091 ‚fit‘.
996 4023 1153 4090 Quod
1189 4022 1236 4077 si
1272 4021 1593 4092 placuisset,
1649 4037 1773 4077 cum
1812 4019 1949 4076 alios
1999 4023 2121 4074 tum
2155 4015 2465 4073 Beckerum
2500 4019 2655 4071 certe
2691 4013 2776 4070 in-

558 4131 853 4184 venturum
889 4125 1063 4182 fuisse
1099 4129 1252 4195 puto,
1290 4124 1621 4195 praesertim
1661 4138 1783 4178 cum
1818 4121 1908 4177 hic
1943 4121 2002 4176 in
2041 4118 2368 4190 explicando
2392 4117 2579 4174 Plaut.
2602 4117 2775 4175 Herc.

557 4247 613 4289 v.
652 4229 756 4283 199
793 4228 1163 4300 compluribus
1217 4223 1353 4282 locis
1403 4225 1622 4282 collatis
1666 4222 2132 4282 demonstraverit
2187 4221 2261 4289 (p.
2304 4220 2450 4288 152),
2508 4218 2775 4276 Plautum

559 4331 896 4400 aliquotiens
931 4346 1030 4400 pro
1068 4329 1217 4398 ,quid
1255 4330 1517 4386 actumst‘
1567 4327 1751 4385 verbis
1801 4326 1953 4397 ,quid
1989 4325 2073 4381 fit‘
2120 4321 2394 4380 locutione
2444 4332 2603 4377 usum
2652 4337 2775 4378 esse

563 4440 734 4506 atque
770 4435 875 4492 hac
912 4436 1141 4502 recepta
1175 4409 1332 4490 illum
1359 4445 1578 4490 versum
1601 4428 1936 4490 restituerit.
2011 4428 2135 4498 Ego
2158 4423 2378 4498 quidem
2402 4437 2526 4480 cum
2543 4421 2775 4484 Dziatz-
