3300 4984
1366 369 1785 432 ...75-

469 543 636 611 hunc
678 544 882 610 locum
919 543 1000 608 ad
1043 544 1376 624 parataxin
1413 543 1881 608 consecutivam
1899 559 2201 608 revocare
2230 541 2438 623 velim,
2488 560 2692 624 neque

471 658 674 740 magis
715 656 856 722 illos
900 655 1056 723 duos
1096 674 1135 721 a
1174 655 1684 724 Weissenbornio
1728 675 1804 721 ex
1827 654 2054 721 Plauto
2096 655 2325 722 allatos
2369 656 2693 737 pertinere

471 771 595 837 huc
637 770 1080 836 affirmandum
1143 774 1261 836 est.
1347 771 1420 834 In
1478 770 1570 836 eis
1625 769 1789 835 enim
1826 769 2015 854 ,(Οαε.
2057 772 2179 835 237
2225 776 2293 837 et
2335 769 2495 836 Rud.
2540 769 2691 853 928)

475 886 603 964 ,sic‘
647 886 962 969 particula
1008 884 1088 950 ad
1131 884 1193 950 id
1237 889 1506 966 spectat,
1549 883 1715 966 quod
1758 883 1835 965 ia,
1897 885 2001 966 qui
2043 883 2337 966 loquitur.
2364 901 2529 949 nunc
2570 882 2699 949 fac-

475 1006 688 1066 turum
733 1018 873 1065 esse
914 1018 985 1066 se
1028 998 1301 1081 exponit,
1370 1002 1701 1080 postquam
1746 996 1854 1078 diu
1895 1015 2107 1063 secum
2150 997 2493 1079 reputavit,
2549 996 2697 1079 quid

474 1115 833 1182 faciendum
875 1120 1046 1180 esset
1068 1114 1140 1197 ²).
1226 1113 1517 1180 Proxime
1558 1112 1870 1180 accedunt
1909 1112 2263 1190 huiusmodi
2309 1113 2595 1193 exempla
2617 1110 2698 1176 ad

477 1247 571 1309 ea,
617 1229 682 1294 in
726 1227 952 1310 quibus
992 1227 1120 1310 ,sic‘
1165 1226 1434 1293 orationi
1477 1226 1759 1292 directae
1802 1225 2254 1307 praemittitur,
2298 1244 2486 1307 quem
2517 1244 2699 1291 usum

478 1343 800 1425 proprium
843 1361 984 1409 esse
1027 1340 1212 1407 huius
1253 1341 1603 1424 particulae
1649 1341 1903 1406 Braune
1946 1340 2013 1422 (l.
2060 1340 2100 1406 l.
2149 1359 2209 1422 p.
2236 1342 2276 1406 9
2298 1340 2422 1425 sq.)
2468 1340 2699 1420 docuit,

478 1461 552 1522 ut
591 1456 718 1521 iam
757 1473 952 1537 supra
994 1463 1074 1537 (p.
1119 1457 1202 1520 25
1245 1458 1364 1536 sq.)
1406 1454 1909 1520 memoravimus·

645 1568 947 1635 Similiter
987 1574 1179 1650 atque
1225 1567 1352 1648 ,ita‘
1400 1572 1469 1632 et
1525 1567 1653 1644 ,sic‘
1714 1567 2028 1648 particula
2083 1566 2284 1646 ,adeo‘
2307 1565 2360 1650 2)
2420 1567 2485 1632 in
2536 1568 2702 1633 locu-

482 1683 654 1749 tione
699 1682 876 1763 ‚adeo
919 1700 1026 1748 res
1071 1681 1260 1748 redit‘
1305 1681 1388 1746 ad
1433 1699 1509 1748 ea
1551 1686 1821 1764 spectat,
1862 1699 2025 1764 quae
2066 1686 2449 1763 sequuntur:

814 1813 1046 1881 Heaut.
1097 1816 1214 1878 113
1258 1831 1350 1896 sq.
1412 1812 1743 1880 Postremo
1800 1812 1958 1879 adeo
2010 1831 2116 1878 res
2168 1812 2394 1879 rediit:
2456 1811 2704 1879 adules-

1485 1996 1489 2001 ,
2201 1927 2494 1992 centulus

905 2042 1109 2125 Saepe
1152 2041 1375 2108 eadem
1417 2044 1487 2108 et
1527 2041 1814 2123 graviter
1852 2039 2164 2108 audiendo
2208 2041 2410 2106 victus
2452 2047 2568 2107 est.

820 2155 1068 2221 Phorm.
1115 2158 1198 2220 55
1241 2173 1332 2237 sq.
1386 2155 1562 2221 Adeo
1605 2173 1710 2220 res
1751 2153 1951 2222 redit:

907 2271 973 2338 Si
1016 2270 1156 2353 quis
1198 2270 1348 2353 quid
1388 2269 1632 2350 reddit,
1676 2287 1907 2351 magna
1944 2268 2295 2336 habendast
2336 2270 2561 2351 gratia.

490 2384 564 2450 In
608 2385 706 2451 his
749 2383 1051 2466 exemplis
1095 2383 1404 2450 rationem
1446 2383 1655 2449 inesse
1702 2382 2164 2448 consecutivam
2206 2401 2389 2448 nemo
2451 2388 2548 2448 est
2605 2383 2712 2464 qui

491 2498 847 2578 confirmet;
911 2499 1102 2565 immo
1144 2498 1493 2581 posteriore
1551 2497 1879 2563 enuntiato
1933 2496 2302 2564 vocabulum
2362 2496 2556 2576 ,adeo‘
2602 2515 2711 2561 ex-

490 2613 712 2696 plicari
746 2619 946 2696 patet.

658 2727 880 2810 Neque
925 2732 1139 2794 tamen
1181 2727 1452 2792 alienam
1494 2743 1636 2791 esse
1682 2724 1760 2791 ab
1780 2725 1899 2792 hoc
1920 2743 2039 2792 usu
2060 2725 2556 2792 coniunctionem
2602 2730 2712 2807 ‚ut‘

490 2841 885 2924 intellegitur
928 2861 1005 2908 ex
1044 2841 1146 2907 his
1186 2841 1372 2908 locis:

826 2974 1076 3042 Phorm.
1126 2977 1244 3040 153
1284 2992 1375 3056 sq‚
1421 2973 1641 3040 Adeon
1685 2993 1821 3039 rem
1863 2973 2126 3055 redisse,
2183 2980 2257 3041 ut
2296 2975 2404 3058 qui
2444 2975 2526 3040 mi
2571 2993 2714 3041 con·

1586 3089 1825 3155 sultum
1866 3089 2102 3169 optime
2146 3089 2300 3154 velit
2342 3107 2500 3167 esse,

915 3201 1247 3282 Phaedria,
1291 3207 1540 3283 patrem
1582 3208 1658 3268 ut
1700 3201 2107 3267 extimescam
2151 3255 2163 3268 .
2210 3252 2224 3267 .

828 3315 1059 3381 Heaut.
1103 3317 1244 3381 980.
1290 3314 1508 3381 Adeon
1549 3333 1687 3380 rem
1728 3314 2011 3396 rediisse,
2059 3322 2133 3381 ut
2172 3315 2480 3398 periclum
2522 3316 2716 3381 etiam

1683 3450 1723 3496 a
1763 3430 1929 3496 fame
1974 3429 2125 3495 mihi
2164 3431 2269 3509 sit,
2314 3430 2503 3514 Syre!

499 3715 694 3772 diesen
744 3716 1037 3772 Partikeln
1089 3717 1192 3773 auf
1235 3718 1359 3780 eine
1411 3717 1925 3788 auszusprechende
1974 3716 2270 3774 Wahrheit
2321 3717 2718 3788 hingewiesen,

499 3819 709 3876 welche
783 3819 900 3876 sich
974 3820 1236 3876 daretellt
1301 3821 1386 3876 als
1451 3819 1546 3876 ein
1604 3821 1874 3877 Resultat
1930 3821 2026 3876 des
2083 3821 2370 3892 Gesagten
2426 3821 2559 3877 oder
2614 3821 2721 3876 Ge-

500 3921 849 3979 schohonon‘.
2464 3927 2472 3934 ‘

646 4028 700 4095 1)
741 4028 809 4082 ef.
849 4043 992 4097 quae
1029 4029 1252 4086 Braune
1289 4029 1327 4086 l.
1365 4031 1400 4086 l.
1437 4047 1490 4100 p.
1533 4029 1602 4083 14
1652 4029 1719 4085 de
1770 4029 1875 4086 hoc
1922 4028 2236 4101 particulae
2285 4029 2401 4098 ,sic‘
2454 4045 2560 4085 usu
2614 4028 2723 4084 dis-

499 4129 696 4188 seruit.
2594 4199 2601 4214 ἱ

643 4231 700 4302 2)
740 4233 809 4289 cf.
848 4233 1102 4305 Langen,
1139 4235 1177 4291 l.
1215 4234 1254 4290 l.
1290 4251 1342 4304 p.
1383 4235 1488 4290 139
1525 4249 1604 4303 sq.
1643 4233 1802 4305 ‚adeo
1842 4254 1909 4283 =
1946 4233 2032 4291 bis
2070 4250 2140 4290 zu
2177 4234 2300 4290 dem
2317 4232 2562 4291 Puncte:
2601 4239 2723 4290 ent-

503 4335 689 4392 weder
725 4337 1000 4407 temporal
1038 4338 1170 4394 oder
1206 4338 1527 4408 quantam,
1565 4337 1659 4394 nie
1696 4337 1830 4393 aber
1864 4336 1955 4393 bei
1992 4337 2228 4392 Plautus
2265 4323 2411 4393 local
2452 4379 2464 4392 .
2493 4378 2508 4393 .
2539 4379 2551 4392 .
2588 4353 2721 4406 qua-

503 4436 695 4496 litativ
731 4439 902 4496 allein
937 4439 1041 4517 mit
1080 4439 1394 4512 folgendem
1440 4440 1560 4512 ,ut‘.
