<?xml version="1.0" encoding="UTF-8"?>
<!DOCTYPE html PUBLIC "-//W3C//DTD XHTML 1.0 Transitional//EN"
    "http://www.w3.org/TR/xhtml1/DTD/xhtml1-transitional.dtd">
<html xmlns="http://www.w3.org/1999/xhtml" xml:lang="en" lang="en">
 <head>
  <title>
</title>
<meta http-equiv="Content-Type" content="text/html;charset=utf-8" />
  <meta name='ocr-system' content='tesseract 3.04.00' />
  <meta name='ocr-capabilities' content='ocr_page ocr_carea ocr_par ocr_line ocrx_word'/>
</head>
<body>
  <div class='ocr_page' id='page_1' title='image "./deparataxisinte00wenigoog_0021.png"; bbox 0 0 3300 4984; ppageno 0'>
   <div class='ocr_carea' id='block_1_1' title="bbox 1345 432 1762 496">
    <p class='ocr_par' dir='ltr' id='par_1_1' title="bbox 1345 432 1762 496">
     <span class='ocr_line' id='line_1_1' title="bbox 1345 432 1762 496; baseline 0 -16"><span class='ocrx_word' id='word_1_1' title='bbox 1345 432 1762 496; x_wconf 73' lang='lat'>...17-</span> 
     </span>
    </p>
   </div>
   <div class='ocr_carea' id='block_1_2' title="bbox 433 591 2651 2064">
    <p class='ocr_par' dir='ltr' id='par_1_2' title="bbox 771 591 2651 1152">
     <span class='ocr_line' id='line_1_2' title="bbox 773 591 2651 698; baseline 0.001 -20"><span class='ocrx_word' id='word_1_2' title='bbox 773 611 925 679; x_wconf 88' lang='lat' dir='ltr'>Hec.</span> <span class='ocrx_word' id='word_1_3' title='bbox 971 615 1093 678; x_wconf 82' lang='lat'>656</span> <span class='ocrx_word' id='word_1_4' title='bbox 1137 631 1227 696; x_wconf 90' lang='lat' dir='ltr'>sq.</span> <span class='ocrx_word' id='word_1_5' title='bbox 1303 663 1318 680; x_wconf 92' lang='lat'>.</span> <span class='ocrx_word' id='word_1_6' title='bbox 1366 666 1378 679; x_wconf 95' lang='lat'>.</span> <span class='ocrx_word' id='word_1_7' title='bbox 1427 663 1441 678; x_wconf 91' lang='lat'>.</span> <span class='ocrx_word' id='word_1_8' title='bbox 1514 614 1673 678; x_wconf 85' lang='lat' dir='ltr'>satis</span> <span class='ocrx_word' id='word_1_9' title='bbox 1720 617 1895 680; x_wconf 82' lang='lat' dir='ltr'>certo</span> <span class='ocrx_word' id='word_1_10' title='bbox 1936 613 2082 694; x_wconf 87' lang='lat' dir='ltr'>scio,</span> <span class='ocrx_word' id='word_1_11' title='bbox 2121 613 2133 698; x_wconf 92' lang='grc' dir='ltr'>Ι</span> <span class='ocrx_word' id='word_1_12' title='bbox 2168 613 2307 679; x_wconf 88' lang='lat' dir='ltr'>Non</span> <span class='ocrx_word' id='word_1_13' title='bbox 2350 613 2509 679; x_wconf 86' lang='lat' dir='ltr'>clam</span> <span class='ocrx_word' id='word_1_14' title='bbox 2552 591 2651 680; x_wconf 81' lang='lat' dir='ltr'>me</span> 
     </span>
     <span class='ocr_line' id='line_1_3' title="bbox 1302 725 2438 809; baseline 0 -17"><span class='ocrx_word' id='word_1_15' title='bbox 1302 725 1587 808; x_wconf 87' lang='lat' dir='ltr'>haberet,</span> <span class='ocrx_word' id='word_1_16' title='bbox 1631 726 1797 809; x_wconf 88' lang='lat' dir='ltr'>quod</span> <span class='ocrx_word' id='word_1_17' title='bbox 1839 726 2078 793; x_wconf 77' lang='lat' dir='ltr'>celasse</span> <span class='ocrx_word' id='word_1_18' title='bbox 2118 726 2438 809; x_wconf 70' lang='lat' dir='ltr'>intellego.</span> 
     </span>
     <span class='ocr_line' id='line_1_4' title="bbox 771 839 2163 925; baseline 0.002 -21"><span class='ocrx_word' id='word_1_19' title='bbox 771 839 1035 922; x_wconf 84' lang='lat' dir='ltr'>Adelph.</span> <span class='ocrx_word' id='word_1_20' title='bbox 1083 842 1209 906; x_wconf 83' lang='lat'>256</span> <span class='ocrx_word' id='word_1_21' title='bbox 1251 859 1342 925; x_wconf 88' lang='lat' dir='ltr'>sq.</span> <span class='ocrx_word' id='word_1_22' title='bbox 1387 891 1403 905; x_wconf 95' lang='lat'>.</span> <span class='ocrx_word' id='word_1_23' title='bbox 1446 890 1462 907; x_wconf 95' lang='lat'>.</span> <span class='ocrx_word' id='word_1_24' title='bbox 1509 894 1524 909; x_wconf 92' lang='lat'>.</span> <span class='ocrx_word' id='word_1_25' title='bbox 1569 841 1727 907; x_wconf 88' lang='lat' dir='ltr'>satis</span> <span class='ocrx_word' id='word_1_26' title='bbox 1770 845 1944 908; x_wconf 87' lang='lat' dir='ltr'>certo</span> <span class='ocrx_word' id='word_1_27' title='bbox 1988 841 2163 920; x_wconf 48' lang='lat' dir='ltr'>scioq</span> 
     </span>
     <span class='ocr_line' id='line_1_5' title="bbox 775 951 2649 1038; baseline 0.001 -20"><span class='ocrx_word' id='word_1_28' title='bbox 775 953 1106 1036; x_wconf 79' lang='lat' dir='ltr'><strong>Nunquam</strong></span> <span class='ocrx_word' id='word_1_29' title='bbox 1146 954 1242 1020; x_wconf 81' lang='lat' dir='ltr'>ita</span> <span class='ocrx_word' id='word_1_30' title='bbox 1281 953 1610 1036; x_wconf 76' lang='lat' dir='ltr'>magnifice</span> <span class='ocrx_word' id='word_1_31' title='bbox 1673 955 2003 1038; x_wconf 83' lang='lat' dir='ltr'>quicquam</span> <span class='ocrx_word' id='word_1_32' title='bbox 2050 954 2270 1034; x_wconf 86' lang='lat' dir='ltr'>dicam,</span> <span class='ocrx_word' id='word_1_33' title='bbox 2324 951 2389 1018; x_wconf 92' lang='lat' dir='ltr'>id</span> <span class='ocrx_word' id='word_1_34' title='bbox 2446 954 2649 1020; x_wconf 85' lang='lat' dir='ltr'>virtus</span> 
     </span>
     <span class='ocr_line' id='line_1_6' title="bbox 1812 1071 2433 1152; baseline 0.003 -18"><span class='ocrx_word' id='word_1_35' title='bbox 1812 1071 1962 1152; x_wconf 90' lang='lat' dir='ltr'>quin</span> <span class='ocrx_word' id='word_1_36' title='bbox 2000 1075 2260 1151; x_wconf 86' lang='lat' dir='ltr'>superet</span> <span class='ocrx_word' id='word_1_37' title='bbox 2300 1075 2433 1136; x_wconf 88' lang='lat' dir='ltr'>tua.</span> 
     </span>
    </p>

    <p class='ocr_par' dir='ltr' id='par_1_3' title="bbox 433 1182 2648 1606">
     <span class='ocr_line' id='line_1_7' title="bbox 602 1182 2648 1266; baseline 0.001 -18"><span class='ocrx_word' id='word_1_38' title='bbox 602 1183 766 1264; x_wconf 91' lang='lat' dir='ltr'>(Non</span> <span class='ocrx_word' id='word_1_39' title='bbox 808 1183 929 1248; x_wconf 80' lang='lat' dir='ltr'>hu&#39;c</span> <span class='ocrx_word' id='word_1_40' title='bbox 971 1183 1296 1266; x_wconf 79' lang='lat' dir='ltr'>pertinent</span> <span class='ocrx_word' id='word_1_41' title='bbox 1335 1182 1600 1266; x_wconf 87' lang='lat' dir='ltr'>Adelph.</span> <span class='ocrx_word' id='word_1_42' title='bbox 1644 1205 1706 1250; x_wconf 86' lang='lat' dir='ltr'>v.</span> <span class='ocrx_word' id='word_1_43' title='bbox 1748 1186 1864 1249; x_wconf 85' lang='lat'>821</span> <span class='ocrx_word' id='word_1_44' title='bbox 1911 1183 2161 1251; x_wconf 90' lang='lat' dir='ltr'>Phorm.</span> <span class='ocrx_word' id='word_1_45' title='bbox 2207 1205 2264 1250; x_wconf 89' lang='lat' dir='ltr'>v.</span> <span class='ocrx_word' id='word_1_46' title='bbox 2305 1187 2454 1251; x_wconf 87' lang='lat'>110:</span> <span class='ocrx_word' id='word_1_47' title='bbox 2497 1183 2648 1250; x_wconf 90' lang='lat' dir='ltr'>duo-</span> 
     </span>
     <span class='ocr_line' id='line_1_8' title="bbox 435 1295 2643 1380; baseline 0 -17"><span class='ocrx_word' id='word_1_48' title='bbox 435 1299 551 1364; x_wconf 85' lang='lat' dir='ltr'>bus</span> <span class='ocrx_word' id='word_1_49' title='bbox 594 1295 692 1362; x_wconf 89' lang='lat' dir='ltr'>his</span> <span class='ocrx_word' id='word_1_50' title='bbox 729 1296 884 1372; x_wconf 84' lang='lat' dir='ltr'>locis</span> <span class='ocrx_word' id='word_1_51' title='bbox 909 1315 1119 1363; x_wconf 86' lang='lat' dir='ltr'>sermo</span> <span class='ocrx_word' id='word_1_52' title='bbox 1147 1297 1409 1364; x_wconf 87' lang='lat' dir='ltr'>alicuius</span> <span class='ocrx_word' id='word_1_53' title='bbox 1447 1296 1527 1363; x_wconf 87' lang='lat' dir='ltr'>ab</span> <span class='ocrx_word' id='word_1_54' title='bbox 1569 1297 1773 1363; x_wconf 86' lang='lat' dir='ltr'>altero</span> <span class='ocrx_word' id='word_1_55' title='bbox 1800 1297 2301 1380; x_wconf 82' lang='lat' dir='ltr'>interrumpitur,</span> <span class='ocrx_word' id='word_1_56' title='bbox 2344 1298 2451 1380; x_wconf 90' lang='lat' dir='ltr'>qui</span> <span class='ocrx_word' id='word_1_57' title='bbox 2473 1297 2643 1379; x_wconf 87' lang='lat' dir='ltr'>dicit,</span> 
     </span>
     <span class='ocr_line' id='line_1_9' title="bbox 435 1409 2646 1495; baseline 0 -17"><span class='ocrx_word' id='word_1_58' title='bbox 435 1429 506 1478; x_wconf 89' lang='lat' dir='ltr'>se</span> <span class='ocrx_word' id='word_1_59' title='bbox 546 1409 675 1474; x_wconf 84' lang='lat' dir='ltr'>iam</span> <span class='ocrx_word' id='word_1_60' title='bbox 715 1410 896 1490; x_wconf 86' lang='lat' dir='ltr'>scire,</span> <span class='ocrx_word' id='word_1_61' title='bbox 960 1409 1109 1493; x_wconf 91' lang='lat' dir='ltr'>quid</span> <span class='ocrx_word' id='word_1_62' title='bbox 1159 1410 1268 1476; x_wconf 90' lang='lat' dir='ltr'>ille</span> <span class='ocrx_word' id='word_1_63' title='bbox 1323 1411 1609 1478; x_wconf 83' lang='lat' dir='ltr'>dicturus</span> <span class='ocrx_word' id='word_1_64' title='bbox 1649 1412 1769 1495; x_wconf 85' lang='lat' dir='ltr'>sit;</span> <span class='ocrx_word' id='word_1_65' title='bbox 1840 1409 2031 1477; x_wconf 85' lang='lat' dir='ltr'>verba</span> <span class='ocrx_word' id='word_1_66' title='bbox 2066 1412 2281 1494; x_wconf 84' lang='lat' dir='ltr'>igitur,</span> <span class='ocrx_word' id='word_1_67' title='bbox 2344 1430 2506 1494; x_wconf 84' lang='lat' dir='ltr'>quae</span> <span class='ocrx_word' id='word_1_68' title='bbox 2545 1411 2646 1478; x_wconf 88' lang='lat' dir='ltr'>his</span> 
     </span>
     <span class='ocr_line' id='line_1_10' title="bbox 433 1523 2559 1606; baseline 0 -15"><span class='ocrx_word' id='word_1_69' title='bbox 433 1525 586 1591; x_wconf 88' lang='lat' dir='ltr'>locis</span> <span class='ocrx_word' id='word_1_70' title='bbox 627 1524 889 1590; x_wconf 90' lang='lat' dir='ltr'>verbum</span> <span class='ocrx_word' id='word_1_71' title='bbox 933 1525 1097 1606; x_wconf 87' lang='lat' dir='ltr'>,scio‘</span> <span class='ocrx_word' id='word_1_72' title='bbox 1141 1531 1511 1606; x_wconf 89' lang='lat' dir='ltr'>sequuntur,</span> <span class='ocrx_word' id='word_1_73' title='bbox 1553 1544 1678 1592; x_wconf 93' lang='lat' dir='ltr'>non</span> <span class='ocrx_word' id='word_1_74' title='bbox 1719 1524 1948 1593; x_wconf 88' lang='lat' dir='ltr'>obiecti</span> <span class='ocrx_word' id='word_1_75' title='bbox 1990 1524 2124 1590; x_wconf 89' lang='lat' dir='ltr'>vice</span> <span class='ocrx_word' id='word_1_76' title='bbox 2168 1523 2559 1606; x_wconf 86' lang='lat' dir='ltr'>funguntur).</span> 
     </span>
    </p>

    <p class='ocr_par' dir='ltr' id='par_1_4' title="bbox 598 1639 1684 1721">
     <span class='ocr_line' id='line_1_11' title="bbox 598 1639 1684 1721; baseline 0.004 -17"><span class='ocrx_word' id='word_1_77' title='bbox 598 1640 946 1706; x_wconf 89' lang='lat' dir='ltr'>Pronomen</span> <span class='ocrx_word' id='word_1_78' title='bbox 992 1640 1148 1721; x_wconf 88' lang='lat' dir='ltr'>,hoo‘</span> <span class='ocrx_word' id='word_1_79' title='bbox 1191 1639 1508 1707; x_wconf 81' lang='lat' dir='ltr'>adiectum</span> <span class='ocrx_word' id='word_1_80' title='bbox 1550 1646 1684 1708; x_wconf 67' lang='lat' dir='ltr'>ests</span> 
     </span>
    </p>

    <p class='ocr_par' dir='ltr' id='par_1_5' title="bbox 761 1753 2642 2064">
     <span class='ocr_line' id='line_1_12' title="bbox 762 1753 2642 1838; baseline 0.001 -20"><span class='ocrx_word' id='word_1_81' title='bbox 762 1753 956 1822; x_wconf 83' lang='lat' dir='ltr'>Andr.</span> <span class='ocrx_word' id='word_1_82' title='bbox 999 1755 1122 1821; x_wconf 84' lang='lat'>929</span> <span class='ocrx_word' id='word_1_83' title='bbox 1163 1773 1253 1838; x_wconf 90' lang='lat' dir='ltr'>sq.</span> <span class='ocrx_word' id='word_1_84' title='bbox 1303 1804 1316 1818; x_wconf 93' lang='lat'>.</span> <span class='ocrx_word' id='word_1_85' title='bbox 1363 1805 1376 1819; x_wconf 94' lang='lat'>.</span> <span class='ocrx_word' id='word_1_86' title='bbox 1421 1755 1538 1821; x_wconf 85' lang='lat' dir='ltr'>hoo</span> <span class='ocrx_word' id='word_1_87' title='bbox 1593 1761 1769 1822; x_wconf 86' lang='lat' dir='ltr'>certo</span> <span class='ocrx_word' id='word_1_88' title='bbox 1819 1755 1966 1836; x_wconf 85' lang='lat' dir='ltr'>seio,</span> <span class='ocrx_word' id='word_1_89' title='bbox 2018 1756 2029 1838; x_wconf 92' lang='grc' dir='ltr'>Ι</span> <span class='ocrx_word' id='word_1_90' title='bbox 2076 1754 2529 1821; x_wconf 85' lang='lat' dir='ltr'>Rhamnusium</span> <span class='ocrx_word' id='word_1_91' title='bbox 2572 1774 2642 1821; x_wconf 89' lang='lat' dir='ltr'>se</span> 
     </span>
     <span class='ocr_line' id='line_1_13' title="bbox 2017 1868 2429 1936; baseline 0.002 -1"><span class='ocrx_word' id='word_1_92' title='bbox 2017 1868 2227 1935; x_wconf 85' lang='lat' dir='ltr'>aiebat</span> <span class='ocrx_word' id='word_1_93' title='bbox 2271 1887 2429 1936; x_wconf 84' lang='lat' dir='ltr'>esse.</span> 
     </span>
     <span class='ocr_line' id='line_1_14' title="bbox 761 1979 2021 2064; baseline 0.004 -19"><span class='ocrx_word' id='word_1_94' title='bbox 761 1979 1012 2049; x_wconf 89' lang='lat' dir='ltr'>Phorm.</span> <span class='ocrx_word' id='word_1_95' title='bbox 1059 1985 1179 2048; x_wconf 85' lang='lat'>137</span> <span class='ocrx_word' id='word_1_96' title='bbox 1221 2001 1314 2064; x_wconf 86' lang='lat' dir='ltr'>sq.</span> <span class='ocrx_word' id='word_1_97' title='bbox 1359 2033 1372 2046; x_wconf 90' lang='lat'>.</span> <span class='ocrx_word' id='word_1_98' title='bbox 1420 2033 1434 2050; x_wconf 99' lang='lat'>.</span> <span class='ocrx_word' id='word_1_99' title='bbox 1478 2001 1671 2048; x_wconf 90' lang='lat' dir='ltr'>unum</span> <span class='ocrx_word' id='word_1_100' title='bbox 1715 1983 1831 2048; x_wconf 86' lang='lat' dir='ltr'>hoc</span> <span class='ocrx_word' id='word_1_101' title='bbox 1875 1985 2021 2064; x_wconf 86' lang='lat' dir='ltr'>scio,</span> 
     </span>
    </p>
   </div>
   <div class='ocr_carea' id='block_1_3' title="bbox 763 2094 2635 2290">
    <p class='ocr_par' dir='ltr' id='par_1_6' title="bbox 763 2094 2635 2290">
     <span class='ocr_line' id='line_1_15' title="bbox 852 2094 2262 2180; baseline 0.001 -19"><span class='ocrx_word' id='word_1_102' title='bbox 852 2094 1032 2175; x_wconf 86' lang='lat' dir='ltr'>Quod</span> <span class='ocrx_word' id='word_1_103' title='bbox 1074 2094 1202 2162; x_wconf 87' lang='lat' dir='ltr'>fors</span> <span class='ocrx_word' id='word_1_104' title='bbox 1243 2096 1430 2178; x_wconf 88' lang='lat' dir='ltr'>feret,</span> <span class='ocrx_word' id='word_1_105' title='bbox 1473 2097 1752 2164; x_wconf 89' lang='lat' dir='ltr'>feremus</span> <span class='ocrx_word' id='word_1_106' title='bbox 1793 2116 1995 2180; x_wconf 85' lang='lat' dir='ltr'>aequo</span> <span class='ocrx_word' id='word_1_107' title='bbox 2035 2097 2262 2163; x_wconf 86' lang='lat' dir='ltr'>animo.</span> 
     </span>
     <span class='ocr_line' id='line_1_16' title="bbox 763 2204 2635 2290; baseline 0.001 -20"><span class='ocrx_word' id='word_1_108' title='bbox 763 2204 1024 2287; x_wconf 87' lang='lat' dir='ltr'>Adelph.</span> <span class='ocrx_word' id='word_1_109' title='bbox 1075 2209 1200 2270; x_wconf 83' lang='lat'>225</span> <span class='ocrx_word' id='word_1_110' title='bbox 1239 2225 1332 2288; x_wconf 90' lang='lat' dir='ltr'>sq.</span> <span class='ocrx_word' id='word_1_111' title='bbox 1380 2259 1393 2273; x_wconf 93' lang='lat'>.</span> <span class='ocrx_word' id='word_1_112' title='bbox 1423 2256 1437 2273; x_wconf 96' lang='lat'>.</span> <span class='ocrx_word' id='word_1_113' title='bbox 1480 2207 1600 2272; x_wconf 87' lang='lat' dir='ltr'>hoc</span> <span class='ocrx_word' id='word_1_114' title='bbox 1642 2207 1772 2273; x_wconf 85' lang='lat' dir='ltr'>scio</span> <span class='ocrx_word' id='word_1_115' title='bbox 1806 2214 1817 2281; x_wconf 82' lang='grc'>1</span> <span class='ocrx_word' id='word_1_116' title='bbox 1854 2206 2117 2271; x_wconf 90' lang='lat' dir='ltr'>Animus</span> <span class='ocrx_word' id='word_1_117' title='bbox 2160 2205 2277 2272; x_wconf 90' lang='lat' dir='ltr'>tibi</span> <span class='ocrx_word' id='word_1_118' title='bbox 2316 2205 2635 2290; x_wconf 81' lang='lat' dir='ltr'>pendet1).</span> 
     </span>
    </p>
   </div>
   <div class='ocr_carea' id='block_1_4' title="bbox 581 2318 2637 4210">
    <p class='ocr_par' dir='ltr' id='par_1_7' title="bbox 581 2318 2637 4210">
     <span class='ocr_line' id='line_1_17' title="bbox 593 2318 2471 2402; baseline -0.001 -17"><span class='ocrx_word' id='word_1_119' title='bbox 593 2319 771 2400; x_wconf 87' lang='lat' dir='ltr'>,Scio‘</span> <span class='ocrx_word' id='word_1_120' title='bbox 817 2321 1141 2386; x_wconf 84' lang='lat' dir='ltr'>enuntiato</span> <span class='ocrx_word' id='word_1_121' title='bbox 1183 2320 1481 2400; x_wconf 87' lang='lat' dir='ltr'>primario</span> <span class='ocrx_word' id='word_1_122' title='bbox 1526 2319 1969 2402; x_wconf 89' lang='lat' dir='ltr'>interpositum</span> <span class='ocrx_word' id='word_1_123' title='bbox 2009 2323 2109 2386; x_wconf 87' lang='lat' dir='ltr'>est</span> <span class='ocrx_word' id='word_1_124' title='bbox 2148 2318 2247 2384; x_wconf 88' lang='lat' dir='ltr'>his</span> <span class='ocrx_word' id='word_1_125' title='bbox 2288 2319 2471 2384; x_wconf 86' lang='lat' dir='ltr'>locis:</span> 
     </span>
     <span class='ocr_line' id='line_1_18' title="bbox 761 2417 2637 2516; baseline -0.001 -17"><span class='ocrx_word' id='word_1_126' title='bbox 761 2432 992 2500; x_wconf 86' lang='lat' dir='ltr'>Heaut.</span> <span class='ocrx_word' id='word_1_127' title='bbox 1036 2435 1162 2499; x_wconf 82' lang='lat'>230</span> <span class='ocrx_word' id='word_1_128' title='bbox 1203 2452 1294 2516; x_wconf 90' lang='lat' dir='ltr'>sq.</span> <span class='ocrx_word' id='word_1_129' title='bbox 1339 2417 1425 2501; x_wconf 77' lang='lat' dir='ltr'>Si&#39;</span> <span class='ocrx_word' id='word_1_130' title='bbox 1447 2434 1599 2500; x_wconf 89' lang='lat' dir='ltr'>mibi</span> <span class='ocrx_word' id='word_1_131' title='bbox 1639 2433 1956 2500; x_wconf 85' lang='lat' dir='ltr'>secundae</span> <span class='ocrx_word' id='word_1_132' title='bbox 1996 2451 2100 2499; x_wconf 91' lang='lat' dir='ltr'>res</span> <span class='ocrx_word' id='word_1_133' title='bbox 2141 2434 2221 2500; x_wconf 88' lang='lat' dir='ltr'>de</span> <span class='ocrx_word' id='word_1_134' title='bbox 2256 2451 2468 2500; x_wconf 86' lang='lat' dir='ltr'>amore</span> <span class='ocrx_word' id='word_1_135' title='bbox 2496 2452 2637 2498; x_wconf 91' lang='lat' dir='ltr'>meo</span> 
     </span>
     <span class='ocr_line' id='line_1_19' title="bbox 1129 2547 2417 2630; baseline 0 -18"><span class='ocrx_word' id='word_1_136' title='bbox 1129 2555 1361 2629; x_wconf 83' lang='lat' dir='ltr'>essent,</span> <span class='ocrx_word' id='word_1_137' title='bbox 1405 2549 1530 2614; x_wconf 89' lang='lat' dir='ltr'>iam</span> <span class='ocrx_word' id='word_1_138' title='bbox 1573 2547 1809 2614; x_wconf 93' lang='lat' dir='ltr'>dudum</span> <span class='ocrx_word' id='word_1_139' title='bbox 1851 2547 1979 2615; x_wconf 86' lang='lat' dir='ltr'>scio</span> <span class='ocrx_word' id='word_1_140' title='bbox 2014 2549 2027 2630; x_wconf 87' lang='grc' dir='ltr'>Ι</span> <span class='ocrx_word' id='word_1_141' title='bbox 2063 2547 2417 2614; x_wconf 88' lang='lat' dir='ltr'>Venissent.</span> 
     </span>
     <span class='ocr_line' id='line_1_20' title="bbox 748 2661 2630 2743; baseline -0.001 -16"><span class='ocrx_word' id='word_1_142' title='bbox 748 2661 900 2729; x_wconf 85' lang='lat' dir='ltr'>Hec.</span> <span class='ocrx_word' id='word_1_143' title='bbox 946 2664 1085 2730; x_wconf 84' lang='lat'>350.</span> <span class='ocrx_word' id='word_1_144' title='bbox 1131 2662 1397 2728; x_wconf 88' lang='lat' dir='ltr'>Omnem</span> <span class='ocrx_word' id='word_1_145' title='bbox 1437 2682 1574 2730; x_wconf 85' lang='lat' dir='ltr'>rem</span> <span class='ocrx_word' id='word_1_146' title='bbox 1618 2661 1924 2743; x_wconf 78' lang='lat' dir='ltr'>narrabit,</span> <span class='ocrx_word' id='word_1_147' title='bbox 1967 2663 2117 2741; x_wconf 86' lang='lat' dir='ltr'>scio,</span> <span class='ocrx_word' id='word_1_148' title='bbox 2161 2662 2454 2728; x_wconf 87' lang='lat' dir='ltr'>continuo</span> <span class='ocrx_word' id='word_1_149' title='bbox 2495 2663 2630 2728; x_wconf 85' lang='lat' dir='ltr'>sola</span> 
     </span>
     <span class='ocr_line' id='line_1_21' title="bbox 2284 2776 2416 2842; baseline -0.008 -1"><span class='ocrx_word' id='word_1_150' title='bbox 2284 2776 2416 2842; x_wconf 91' lang='lat' dir='ltr'>soli.</span> 
     </span>
     <span class='ocr_line' id='line_1_22' title="bbox 751 2890 2627 2975; baseline 0.002 -21"><span class='ocrx_word' id='word_1_151' title='bbox 751 2890 911 2956; x_wconf 90' lang='lat' dir='ltr'>Eun.</span> <span class='ocrx_word' id='word_1_152' title='bbox 954 2895 1076 2958; x_wconf 83' lang='grc'>487</span> <span class='ocrx_word' id='word_1_153' title='bbox 1113 2909 1205 2975; x_wconf 88' lang='lat' dir='ltr'>sq.</span> <span class='ocrx_word' id='word_1_154' title='bbox 1251 2892 1414 2957; x_wconf 87' lang='lat' dir='ltr'>Nam</span> <span class='ocrx_word' id='word_1_155' title='bbox 1477 2891 1689 2957; x_wconf 86' lang='lat' dir='ltr'>hercle</span> <span class='ocrx_word' id='word_1_156' title='bbox 1758 2910 1939 2957; x_wconf 91' lang='lat' dir='ltr'>nemo</span> <span class='ocrx_word' id='word_1_157' title='bbox 2001 2898 2243 2974; x_wconf 86' lang='lat' dir='ltr'>posset,</span> <span class='ocrx_word' id='word_1_158' title='bbox 2316 2897 2419 2958; x_wconf 89' lang='lat' dir='ltr'>sat</span> <span class='ocrx_word' id='word_1_159' title='bbox 2480 2892 2627 2972; x_wconf 85' lang='lat' dir='ltr'>scio,</span> 
     </span>
     <span class='ocr_line' id='line_1_23' title="bbox 747 3004 2410 3088; baseline -0.002 -18"><span class='ocrx_word' id='word_1_160' title='bbox 747 3004 873 3084; x_wconf 83' lang='lat' dir='ltr'>Qui</span> <span class='ocrx_word' id='word_1_161' title='bbox 913 3004 1182 3071; x_wconf 84' lang='lat' dir='ltr'>haberet</span> <span class='ocrx_word' id='word_1_162' title='bbox 1226 3005 1333 3088; x_wconf 89' lang='lat' dir='ltr'>qui</span> <span class='ocrx_word' id='word_1_163' title='bbox 1374 3009 1636 3088; x_wconf 85' lang='lat' dir='ltr'>pararet</span> <span class='ocrx_word' id='word_1_164' title='bbox 1678 3004 1890 3084; x_wconf 86' lang='lat' dir='ltr'>alium,</span> <span class='ocrx_word' id='word_1_165' title='bbox 1931 3006 2096 3071; x_wconf 86' lang='lat' dir='ltr'>hunc</span> <span class='ocrx_word' id='word_1_166' title='bbox 2137 3005 2410 3087; x_wconf 83' lang='lat' dir='ltr'>perpeti.</span> 
     </span>
     <span class='ocr_line' id='line_1_24' title="bbox 751 3118 2627 3202; baseline 0.002 -18"><span class='ocrx_word' id='word_1_167' title='bbox 751 3118 905 3186; x_wconf 85' lang='lat' dir='ltr'>Hec.</span> <span class='ocrx_word' id='word_1_168' title='bbox 922 3121 1048 3184; x_wconf 84' lang='lat'>234</span> <span class='ocrx_word' id='word_1_169' title='bbox 1097 3173 1109 3186; x_wconf 90' lang='lat'>.</span> <span class='ocrx_word' id='word_1_170' title='bbox 1157 3168 1170 3182; x_wconf 95' lang='lat'>.</span> <span class='ocrx_word' id='word_1_171' title='bbox 1216 3138 1360 3185; x_wconf 82' lang='lat' dir='ltr'>nam</span> <span class='ocrx_word' id='word_1_172' title='bbox 1405 3119 1484 3185; x_wconf 87' lang='lat' dir='ltr'>de</span> <span class='ocrx_word' id='word_1_173' title='bbox 1525 3125 1592 3185; x_wconf 90' lang='lat' dir='ltr'>te</span> <span class='ocrx_word' id='word_1_174' title='bbox 1621 3119 1875 3201; x_wconf 90' lang='lat' dir='ltr'>quidem</span> <span class='ocrx_word' id='word_1_175' title='bbox 1911 3121 1920 3200; x_wconf 86' lang='grc'>1</span> <span class='ocrx_word' id='word_1_176' title='bbox 1958 3119 2123 3186; x_wconf 85' lang='lat' dir='ltr'>Satis</span> <span class='ocrx_word' id='word_1_177' title='bbox 2166 3121 2293 3186; x_wconf 85' lang='lat' dir='ltr'>scio</span> <span class='ocrx_word' id='word_1_178' title='bbox 2312 3120 2627 3202; x_wconf 81' lang='lat' dir='ltr'>peccando</span> 
     </span>
     <span class='ocr_line' id='line_1_25' title="bbox 1459 3230 2412 3314; baseline 0.002 -17"><span class='ocrx_word' id='word_1_179' title='bbox 1459 3230 1828 3299; x_wconf 88' lang='lat' dir='ltr'>detrimenti</span> <span class='ocrx_word' id='word_1_180' title='bbox 1871 3233 1961 3299; x_wconf 90' lang='lat' dir='ltr'>nil</span> <span class='ocrx_word' id='word_1_181' title='bbox 2001 3232 2141 3299; x_wconf 88' lang='lat' dir='ltr'>fieri</span> <span class='ocrx_word' id='word_1_182' title='bbox 2182 3238 2412 3314; x_wconf 89' lang='lat' dir='ltr'>potest.</span> 
     </span>
     <span class='ocr_line' id='line_1_26' title="bbox 749 3344 2625 3430; baseline 0.001 -20"><span class='ocrx_word' id='word_1_183' title='bbox 749 3345 902 3414; x_wconf 83' lang='lat' dir='ltr'>Hec.</span> <span class='ocrx_word' id='word_1_184' title='bbox 948 3348 1047 3412; x_wconf 83' lang='lat'>67.</span> <span class='ocrx_word' id='word_1_185' title='bbox 1092 3344 1254 3410; x_wconf 88' lang='lat' dir='ltr'>Nam</span> <span class='ocrx_word' id='word_1_186' title='bbox 1297 3363 1480 3411; x_wconf 89' lang='lat' dir='ltr'>nemo</span> <span class='ocrx_word' id='word_1_187' title='bbox 1520 3345 1769 3413; x_wconf 88' lang='lat' dir='ltr'>illorum</span> <span class='ocrx_word' id='word_1_188' title='bbox 1810 3346 2158 3430; x_wconf 85' lang='lat' dir='ltr'>quisquam,</span> <span class='ocrx_word' id='word_1_189' title='bbox 2211 3348 2387 3427; x_wconf 85' lang='lat' dir='ltr'>seit0,</span> <span class='ocrx_word' id='word_1_190' title='bbox 2433 3347 2514 3412; x_wconf 82' lang='lat' dir='ltr'>ad</span> <span class='ocrx_word' id='word_1_191' title='bbox 2559 3356 2625 3414; x_wconf 88' lang='lat' dir='ltr'>te</span> 
     </span>
     <span class='ocr_line' id='line_1_27' title="bbox 1992 3460 2435 3530; baseline 0.005 -3"><span class='ocrx_word' id='word_1_192' title='bbox 1992 3460 2167 3527; x_wconf 88' lang='lat' dir='ltr'>venit</span> <span class='ocrx_word' id='word_1_193' title='bbox 2212 3515 2225 3528; x_wconf 92' lang='lat'>.</span> <span class='ocrx_word' id='word_1_194' title='bbox 2274 3510 2287 3524; x_wconf 93' lang='lat'>.</span> <span class='ocrx_word' id='word_1_195' title='bbox 2335 3511 2348 3524; x_wconf 90' lang='lat'>.</span> <span class='ocrx_word' id='word_1_196' title='bbox 2396 3510 2435 3530; x_wconf 82' lang='lat'>..</span> 
     </span>
     <span class='ocr_line' id='line_1_28' title="bbox 581 3574 2442 3658; baseline 0.001 -18"><span class='ocrx_word' id='word_1_197' title='bbox 581 3574 857 3641; x_wconf 89' lang='lat' dir='ltr'>Verbum</span> <span class='ocrx_word' id='word_1_198' title='bbox 902 3576 1070 3657; x_wconf 86' lang='lat' dir='ltr'>,scio‘</span> <span class='ocrx_word' id='word_1_199' title='bbox 1112 3577 1510 3658; x_wconf 81' lang='lat' dir='ltr'>postponitur</span> <span class='ocrx_word' id='word_1_200' title='bbox 1555 3576 1898 3641; x_wconf 82' lang='lat' dir='ltr'>enuntiatis</span> <span class='ocrx_word' id='word_1_201' title='bbox 1940 3575 2147 3642; x_wconf 89' lang='lat' dir='ltr'>solute</span> <span class='ocrx_word' id='word_1_202' title='bbox 2190 3575 2411 3657; x_wconf 89' lang='lat' dir='ltr'>positis</span> <span class='ocrx_word' id='word_1_203' title='bbox 2422 3597 2442 3641; x_wconf 91' lang='lat'>·:</span> 
     </span>
     <span class='ocr_line' id='line_1_29' title="bbox 745 3688 2621 3772; baseline 0.002 -18"><span class='ocrx_word' id='word_1_204' title='bbox 745 3688 975 3756; x_wconf 89' lang='lat' dir='ltr'>Heaut.</span> <span class='ocrx_word' id='word_1_205' title='bbox 1024 3694 1168 3756; x_wconf 67' lang='lat'>254.</span> <span class='ocrx_word' id='word_1_206' title='bbox 1207 3691 1287 3756; x_wconf 89' lang='lat' dir='ltr'>Di</span> <span class='ocrx_word' id='word_1_207' title='bbox 1328 3689 1492 3770; x_wconf 90' lang='lat' dir='ltr'>boni,</span> <span class='ocrx_word' id='word_1_208' title='bbox 1537 3689 1687 3772; x_wconf 90' lang='lat' dir='ltr'>quid</span> <span class='ocrx_word' id='word_1_209' title='bbox 1728 3689 2047 3756; x_wconf 86' lang='lat' dir='ltr'>turbaest!</span> <span class='ocrx_word' id='word_1_210' title='bbox 2134 3688 2325 3756; x_wconf 86' lang='lat' dir='ltr'>aedes</span> <span class='ocrx_word' id='word_1_211' title='bbox 2365 3698 2621 3757; x_wconf 86' lang='lat' dir='ltr'>nostrae</span> 
     </span>
     <span class='ocr_line' id='line_1_30' title="bbox 1784 3803 2386 3884; baseline 0 -16"><span class='ocrx_word' id='word_1_212' title='bbox 1784 3803 1885 3868; x_wconf 89' lang='lat' dir='ltr'>vix</span> <span class='ocrx_word' id='word_1_213' title='bbox 1928 3803 2198 3884; x_wconf 83' lang='lat' dir='ltr'>capient,</span> <span class='ocrx_word' id='word_1_214' title='bbox 2242 3803 2386 3870; x_wconf 87' lang='lat' dir='ltr'>scio.</span> 
     </span>
     <span class='ocr_line' id='line_1_31' title="bbox 746 3914 2546 3999; baseline 0.001 -19"><span class='ocrx_word' id='word_1_215' title='bbox 746 3915 904 3983; x_wconf 90' lang='lat' dir='ltr'>Eun.</span> <span class='ocrx_word' id='word_1_216' title='bbox 949 3920 1090 3984; x_wconf 80' lang='lat'>567.</span> <span class='ocrx_word' id='word_1_217' title='bbox 1137 3917 1410 3984; x_wconf 86' lang='lat' dir='ltr'>Primam</span> <span class='ocrx_word' id='word_1_218' title='bbox 1449 3917 1637 3994; x_wconf 82' lang='lat' dir='ltr'>dices,</span> <span class='ocrx_word' id='word_1_219' title='bbox 1681 3917 1829 3998; x_wconf 88' lang='lat' dir='ltr'>scio,</span> <span class='ocrx_word' id='word_1_220' title='bbox 1869 3917 1925 3982; x_wconf 92' lang='lat' dir='ltr'>si</span> <span class='ocrx_word' id='word_1_221' title='bbox 1964 3914 2212 3982; x_wconf 88' lang='lat' dir='ltr'>videris.</span> <span class='ocrx_word' id='word_1_222' title='bbox 2540 3989 2546 3999; x_wconf 58' lang='grc'>,</span> 
     </span>
     <span class='ocr_line' id='line_1_32' title="bbox 828 4030 2618 4115; baseline 0.001 -19"><span class='ocrx_word' id='word_1_223' title='bbox 828 4081 857 4112; x_wconf 82' lang='grc'>,,</span> <span class='ocrx_word' id='word_1_224' title='bbox 947 4033 1084 4097; x_wconf 84' lang='lat'>628.</span> <span class='ocrx_word' id='word_1_225' title='bbox 1128 4031 1264 4097; x_wconf 85' lang='lat' dir='ltr'>Hoc</span> <span class='ocrx_word' id='word_1_226' title='bbox 1322 4038 1422 4098; x_wconf 85' lang='lat' dir='ltr'>est</span> <span class='ocrx_word' id='word_1_227' title='bbox 1477 4030 1669 4114; x_wconf 85' lang='lat' dir='ltr'>signi:</span> <span class='ocrx_word' id='word_1_228' title='bbox 1739 4031 1845 4096; x_wconf 92' lang='lat' dir='ltr'>ubi</span> <span class='ocrx_word' id='word_1_229' title='bbox 1901 4031 2171 4112; x_wconf 89' lang='lat' dir='ltr'>primum</span> <span class='ocrx_word' id='word_1_230' title='bbox 2222 4033 2478 4115; x_wconf 88' lang='lat' dir='ltr'>poterit,</span> <span class='ocrx_word' id='word_1_231' title='bbox 2548 4051 2618 4098; x_wconf 92' lang='lat' dir='ltr'>se</span> 
     </span>
     <span class='ocr_line' id='line_1_33' title="bbox 1696 4143 2404 4210; baseline 0.001 -3"><span class='ocrx_word' id='word_1_232' title='bbox 1696 4143 1867 4210; x_wconf 88' lang='lat' dir='ltr'>illinc</span> <span class='ocrx_word' id='word_1_233' title='bbox 1910 4143 2219 4209; x_wconf 87' lang='lat' dir='ltr'>subducet</span> <span class='ocrx_word' id='word_1_234' title='bbox 2258 4144 2404 4210; x_wconf 86' lang='lat' dir='ltr'>scio.</span> 
     </span>
    </p>
   </div>
   <div class='ocr_carea' id='block_1_5' title="bbox 418 4305 836 4318">
    <p class='ocr_par' dir='ltr' id='par_1_8' title="bbox 418 4305 836 4318">
     <span class='ocr_line' id='line_1_34' title="bbox 418 4305 836 4318; baseline 0 0"><span class='ocrx_word' id='word_1_235' title='bbox 418 4305 836 4318; x_wconf 95' lang='lat' dir='ltr'> </span> 
     </span>
    </p>
   </div>
   <div class='ocr_carea' id='block_1_6' title="bbox 411 4391 2613 4563">
    <p class='ocr_par' dir='ltr' id='par_1_9' title="bbox 411 4391 2613 4563">
     <span class='ocr_line' id='line_1_35' title="bbox 558 4391 2613 4466; baseline 0.003 -23"><span class='ocrx_word' id='word_1_236' title='bbox 558 4394 608 4454; x_wconf 88' lang='grc'>1)</span> <span class='ocrx_word' id='word_1_237' title='bbox 653 4391 892 4460; x_wconf 86' lang='lat' dir='ltr'>Spengel</span> <span class='ocrx_word' id='word_1_238' title='bbox 947 4392 1019 4446; x_wconf 89' lang='lat' dir='ltr'>ad</span> <span class='ocrx_word' id='word_1_239' title='bbox 1081 4394 1131 4448; x_wconf 89' lang='lat' dir='ltr'>h.</span> <span class='ocrx_word' id='word_1_240' title='bbox 1185 4393 1223 4449; x_wconf 89' lang='lat' dir='ltr'>l.</span> <span class='ocrx_word' id='word_1_241' title='bbox 1280 4395 1400 4460; x_wconf 82' lang='lat' dir='ltr'>,hoo</span> <span class='ocrx_word' id='word_1_242' title='bbox 1453 4396 1564 4451; x_wconf 85' lang='lat' dir='ltr'>seio</span> <span class='ocrx_word' id='word_1_243' title='bbox 1627 4425 1687 4435; x_wconf 82' lang='lat'>—-</span> <span class='ocrx_word' id='word_1_244' title='bbox 1748 4396 1922 4452; x_wconf 88' lang='lat' dir='ltr'>soviel</span> <span class='ocrx_word' id='word_1_245' title='bbox 1973 4397 2135 4453; x_wconf 85' lang='lat' dir='ltr'>weiss</span> <span class='ocrx_word' id='word_1_246' title='bbox 2180 4397 2314 4466; x_wconf 81' lang='lat' dir='ltr'>ich‘3</span> <span class='ocrx_word' id='word_1_247' title='bbox 2373 4396 2613 4452; x_wconf 81' lang='lat' dir='ltr'>Diatzko</span> 
     </span>
     <span class='ocr_line' id='line_1_36' title="bbox 411 4487 2159 4563; baseline 0.004 -15"><span class='ocrx_word' id='word_1_248' title='bbox 411 4490 649 4562; x_wconf 79' lang='lat' dir='ltr'>dubitat,</span> <span class='ocrx_word' id='word_1_249' title='bbox 689 4498 876 4549; x_wconf 88' lang='lat' dir='ltr'>utrum</span> <span class='ocrx_word' id='word_1_250' title='bbox 913 4495 1050 4563; x_wconf 84' lang='lat' dir='ltr'>‚hoo‘</span> <span class='ocrx_word' id='word_1_251' title='bbox 1089 4487 1370 4554; x_wconf 79' lang='lat' dir='ltr'>ablativus</span> <span class='ocrx_word' id='word_1_252' title='bbox 1407 4513 1607 4555; x_wconf 83' lang='lat' dir='ltr'>causae</span> <span class='ocrx_word' id='word_1_253' title='bbox 1645 4517 1713 4556; x_wconf 87' lang='lat' dir='ltr'>an</span> <span class='ocrx_word' id='word_1_254' title='bbox 1754 4499 2028 4557; x_wconf 85' lang='lat' dir='ltr'>obiectum</span> <span class='ocrx_word' id='word_1_255' title='bbox 2065 4501 2159 4556; x_wconf 83' lang='lat' dir='ltr'>sit.</span> 
     </span>
    </p>
   </div>
   <div class='ocr_carea' id='block_1_7' title="bbox 2156 4606 2192 4663">
    <p class='ocr_par' dir='ltr' id='par_1_10' title="bbox 2156 4606 2192 4663">
     <span class='ocr_line' id='line_1_37' title="bbox 2156 4606 2192 4663; baseline 0 0"><span class='ocrx_word' id='word_1_256' title='bbox 2156 4606 2192 4663; x_wconf 73' lang='lat'>2</span> 
     </span>
    </p>
   </div>
  </div>
 </body>
</html>
