3300 4984
1556 415 1966 481 ...62-

998 589 1193 657 Andr.
1239 593 1360 658 978
1401 610 1494 673 sq.
1559 592 1674 673 Tu,
1737 593 1935 673 Dave,
2006 591 2107 660 abi
2169 594 2452 676 domum,
2511 595 2521 678 Ι
2578 596 2876 679 Propera,

1531 725 1787 773 accerse
1830 707 1974 773 hinc
2017 708 2124 790 qui
2165 707 2461 776 auferant
2504 728 2661 777 eam.

993 817 1222 885 Heaut.
1269 822 1408 886 804.
1454 819 1594 903 Abi,
1639 821 1811 888 ecfer
1852 826 2209 904 argentum.

992 951 1151 1018 Eun.
1196 954 1338 1034 499,
1385 952 1502 1019 Abi
1545 972 1719 1035 prae,
1764 973 1917 1021 cura
1957 959 2030 1020 ut
2070 955 2198 1021 sint
2240 952 2409 1021 domi
2444 955 2454 1036 1
2491 956 2743 1022 Parata.

1039 1115 1071 1149 ,‚
1186 1070 1330 1136 538.
1374 1067 1511 1150 Abi,
1554 1069 1797 1150 Dorias,
1843 1069 1969 1135 cito
2008 1068 2177 1135 hune
2218 1069 2461 1136 deduce
2482 1070 2566 1136 ad
2594 1070 2876 1137 militem.

1040 1231 1073 1264 „
1191 1184 1331 1250 753.
1375 1180 1494 1248 Abi
1550 1187 1644 1266 tu,
1716 1183 2047 1264 cistellam,
2118 1183 2398 1266 Pythias,
2464 1183 2648 1251 domo
2708 1183 2882 1251 ecfer

2030 1315 2174 1363 cum
2222 1298 2664 1365 monumentis.

997 1426 1248 1495 Phorm.
1293 1430 1434 1496 309.
1477 1429 1615 1510 Abi,
1663 1428 1995 1512 Phaedria,
2039 1448 2185 1496 eum
2225 1430 2481 1513 require
2524 1436 2717 1514 atque
2757 1431 2882 1498 huc

2407 1545 2668 1612 adduce.

1292 1660 1434 1726 445.
1485 1659 1618 1740 Abi,
1684 1660 1815 1726 vise
1874 1659 2220 1727 redieritne
2271 1660 2401 1727 iam
2444 1678 2526 1726 an
2565 1679 2689 1728 non
2732 1659 2881 1726 dum

2395 1773 2666 1840 domum.

1293 1889 1433 1954 712.
1481 1887 1614 1970 Abi,
1659 1889 1758 1956 dic
1803 1907 1943 1954 esse
1984 1894 2317 1969 argentum
2364 1887 2733 1954 Phaedriae.

1292 2007 1430 2068 777.
1478 2003 1592 2084 Tu,
1641 2004 1829 2085 Geta,
1889 2003 1992 2069 abi
2029 2022 2205 2085 prae,
2260 2003 2483 2069 nuntia
2531 2002 2691 2068 hanc
2730 2021 2882 2068 ven-

1473 2121 1484 2132 ’
2437 2123 2668 2185 turam.

1288 2233 1430 2296 994.
1473 2229 1610 2310 Abi,
1684 2235 1905 2310 tange:
1977 2231 2030 2296 si
2090 2249 2216 2297 non
2267 2237 2441 2297 totus
2498 2230 2710 2312 friget,
2780 2249 2883 2296 me

2473 2343 2669 2410 enica.

993 2474 1147 2540 Hec.
1187 2479 1308 2540 557
1352 2493 1443 2556 sq.
1492 2472 1628 2554 Abi,
1674 2474 1842 2540 solus
1886 2473 2091 2540 solum
2134 2474 2413 2558 conveni,
2656 2447 2663 2455 ⁵

1076 2588 1271 2669 Roga,
1317 2589 1552 2654 velitne
1594 2607 1675 2653 an
1719 2607 1843 2654 non
1886 2607 2164 2654 uxorem.

1036 2751 1066 2785 ,‚
1186 2705 1323 2769 726.
1371 2703 1566 2768 Immo
1611 2720 1761 2769 vero
1804 2701 1926 2784 abi,
1991 2702 2266 2785 aliquam
2323 2723 2521 2786 puero
2562 2703 2877 2770 nutricem

2490 2837 2666 2901 para.

991 2948 1255 3030 Adelph.
1301 2951 1420 3016 703
1465 2968 1556 3032 sq.
1609 2948 1747 3029 Abi,
1790 2954 2006 3032 pater:
2047 2947 2055 3032 Ι
2092 2949 2191 3014 Tu
2240 2948 2450 3031 potius
2506 2946 2657 3016 deos
2714 2966 2880 3016 coru-

2380 3081 2665 3146 precare.

824 3203 1091 3268 Formae
1151 3202 1292 3282 ,abi‘
1351 3201 1477 3268 vim
1529 3202 1825 3268 motionis
1882 3220 2022 3268 esse
2081 3200 2366 3284 inprimis
2420 3220 2498 3267 ex
2550 3201 2676 3268 illis
2727 3199 2877 3286 locis

657 3323 944 3400 apparet,
1002 3317 1226 3399 quibus
1267 3316 1554 3383 additum
1598 3321 1719 3396 est,
1789 3335 1911 3398 quo
1952 3318 2091 3399 quis
2134 3315 2309 3382 abire
2350 3315 2663 3382 iubeatur.
2749 3314 2875 3384 Sed

659 3433 974 3499 nonnullis
1016 3433 1166 3499 locis
1209 3432 1413 3516 (velut
1455 3432 1520 3496 in
1563 3432 1815 3498 Phorm.
1860 3451 1917 3498 v.
1964 3434 2105 3512 994,
2150 3430 2255 3497 ubi
2299 3448 2448 3497 vere
2491 3430 2668 3497 abire
2711 3449 2875 3512 eum,

659 3547 766 3631 qui
808 3548 1188 3630 appellatur,
1252 3546 1506 3614 minime
1549 3565 1809 3612 necesse
1857 3545 1982 3630 est)
2046 3546 2489 3629 imperativum
2536 3545 2676 3627 ‚abi‘
2736 3563 2879 3628 pro-

659 3663 798 3746 pria
841 3663 901 3727 vi
943 3663 1234 3742 neglecta
1273 3663 1454 3744 quasi
1477 3661 1910 3729 cohortativae
1948 3660 2270 3727 cuiusdam
2299 3660 2649 3742 particulae
2671 3660 2805 3726 loco
2824 3661 2875 3744 1)

658 3776 951 3845 similiter
1005 3781 1199 3858 atque
1255 3774 1424 3857 apud
1466 3775 1768 3841 Plautum
1822 3774 2267 3857 imperativum
2312 3774 2370 3854 ‚i‘
2417 3773 2693 3857 positum
2738 3793 2878 3841 esse

658 3891 972 3958 neminem
1009 3889 1232 3972 fugiet.

822 4023 1009 4107 Apud
1050 4023 1385 4090 Horatium
1427 4024 1845 4107 imperativus
1888 4024 1946 4104 ,i‘
1991 4022 2233 4090 duobus
2273 4024 2426 4090 locis
2448 4023 2723 4090 alterum
2761 4021 2878 4089 im-

657 4137 1013 4222 perativum
1053 4137 1402 4206 antecedit:

802 4386 862 4454 1)
899 4384 967 4440 cf.
1006 4383 1250 4456 Spengel
1285 4386 1358 4442 ad
1395 4385 1628 4455 Adelph.
1667 4401 1718 4442 v.
1759 4385 1894 4441 703:
1943 4382 2054 4451 ,abi
2092 4423 2105 4438 .
2144 4425 2156 4438 .
2197 4423 2212 4439 .
2250 4385 2615 4452 comprecare·
2654 4380 2761 4438 wie
2799 4379 2876 4442 im

661 4490 980 4556 Deutschen
1019 4488 1162 4571 ,geh‘
1203 4489 1325 4548 dem
1363 4488 1671 4567 Imperativ
1708 4485 2222 4569 vorausgeschickt.
