3300 4984
1513 370 1886 436 ...4.-

755 551 966 633 Atque
1021 549 1372 617 diutissime
1441 548 1695 632 linguae
1748 549 2272 632 simplicissimam
2333 551 2398 615 in
2464 550 2808 617 enuntiatis

590 661 1037 748 coniungendis
1064 666 1378 732 rationem
1406 669 1743 732 conservat
1769 683 1977 732 sermo
1992 665 2272 746 vulgaris
2306 666 2406 732 vel
2439 664 2807 746 cotidianuS‚

591 800 712 864 quo
755 785 1026 846 utuntur
1068 779 1113 845 ii
1139 767 1441 859 homineS,
1490 779 1597 861 qui
1635 778 1717 846 ab
1756 779 2121 846 litterarum
2149 779 2325 846 cultu
2354 779 2621 845 maxime
2661 782 2812 845 sunt

589 895 835 961 remoti.
941 894 1144 960 Huius
1203 895 1511 960 sermonis
1568 894 1788 976 generi
1848 894 2136 976 inprimis
2194 894 2400 960 locum
2461 911 2601 960 esse
2666 913 2809 960 con-

591 1013 966 1074 sentaneum
1036 1014 1135 1075 est
1196 1009 1262 1073 in
1327 1007 1662 1076 comoediis
1679 1060 1694 1089 ,
1760 1007 1985 1091 quibus
2055 1009 2427 1092 plerumque
2492 1008 2811 1076 hominum

589 1121 809 1188 humili
874 1140 1109 1202 genere
1187 1127 1471 1189 ortorum
1537 1128 1608 1188 et
1675 1120 1962 1189 habitum
2028 1128 2096 1189 et
2164 1141 2517 1189 sermonem
2578 1128 2809 1205 poetae

590 1235 855 1304 student
895 1236 1152 1304 imitari.
1239 1237 1314 1302 In
1370 1236 1449 1303 iis
1505 1241 1657 1302 ante
1711 1241 1959 1304 ceteros
1994 1236 2293 1304 Plautum
2350 1236 2810 1303 numerandum

593 1368 734 1416 esse
773 1368 959 1416 nemo
1002 1356 1121 1430 est,
1168 1350 1276 1433 qui
1316 1350 1584 1431 ignoret.
1667 1349 1844 1428 Quae
1896 1348 2218 1433 parataxis
2275 1349 2513 1416 formae
2567 1349 2631 1414 in
2674 1349 2809 1416 eius

591 1463 822 1531 fabulis
891 1469 1143 1532 exstent
1158 1515 1176 1545 ,
1254 1482 1394 1530 cum
1469 1464 1576 1530 alii
1636 1463 1738 1530 vel
1805 1465 2169 1547 singulatim
2229 1463 2647 1533 ostenderunt
2708 1465 2809 1530 vel

590 1577 953 1645 summatim
1024 1584 1672 1645 commemoraverunt
1689 1630 1704 1659 ,
1782 1583 1919 1644 tum
1982 1579 2042 1645 J.
2108 1577 2181 1645 B.
2233 1577 2685 1644 Weissenborn
2746 1577 2811 1660 in

457 1751 460 1760 .
591 1691 1116 1760 commentatione
1160 1693 1531 1778 „Parataxis
1573 1692 1907 1760 Plautina“
1951 1693 2347 1778 (Programm
2392 1693 2507 1759 der
2546 1692 2621 1758 Κ.
2666 1692 2812 1760 Stu-

593 1807 970 1874 dieanstalt·
1001 1807 1419 1890 Burghausen
1487 1807 1674 1890 1884)
1735 1807 2036 1890 exemplis
2092 1806 2422 1874 uberrimis
2495 1808 2811 1890 congestis

593 1921 899 2004 exposuit.
928 1958 1011 1970 —-
1053 1922 1312 1988 Terenti
1339 1940 1491 1988 vero
1519 1939 1875 1988 sermonem
1901 1921 1996 1988 ita
2022 1940 2250 2003 purum
2282 1927 2472 2006 atque
2500 1921 2810 1988 urbanum

591 2037 744 2120 ipsis
795 2042 1022 2120 poetae
1080 2035 1448 2119 aequalibus
1506 2038 1711 2102 visum
1769 2053 1909 2102 esse
1968 2041 2251 2116 constat,
2307 2041 2381 2101 ut
2432 2037 2537 2102 vel
2578 2035 2808 2118 Scipio-

592 2150 777 2218 nibus
851 2158 920 2229 ,et
995 2150 1232 2218 Laeliis
1304 2150 1529 2234 dignus
1613 2150 1977 2218 haberetur.
2090 2150 2252 2218 Nam
2322 2169 2465 2216 cum
2534 2152 2813 2217 amicitia

591 2267 962 2334 coniunctus
1019 2271 1192 2334 esset
1234 2266 1572 2333 Terentius
1635 2283 1780 2332 cum
1844 2264 1999 2330 viris
2060 2263 2460 2332 nobilissimis
2524 2265 2811 2348 Scipione

594 2380 889 2446 Africano
920 2384 986 2446 et
1016 2379 1173 2446 Gaio
1200 2380 1435 2460 Laelio,
1478 2379 1559 2447 ab
1586 2379 1685 2444 his
1714 2377 2067 2446 comoedias
2096 2377 2512 2444 Terentianas
2542 2380 2810 2461 scriptas

594 2512 734 2561 esse
789 2513 1006 2560 rumor
1063 2496 1205 2559 erat
1259 2492 1494 2560 dilatus
1510 2544 1528 2574 ,
1600 2492 1681 2558 de
1747 2510 1871 2576 quo
1927 2497 2182 2574 poetam
2242 2492 2449 2574 ipsum
2518 2493 2809 2559 edoctum
2888 2504 2892 2508 ’

591 2607 786 2675 fuisse
827 2609 1058 2674 scimus
1080 2608 1154 2692 ²).
1216 2606 1438 2691 Neque
1480 2607 1900 2689 posteriorum
1941 2612 2227 2672 aetatum
2251 2605 2607 2673 hominibus
2632 2607 2806 2672 illam

593 2722 828 2789 famam
882 2723 1164 2804 ignotam
1215 2721 1411 2790 fuisse
1465 2739 1501 2786 e
1553 2719 1620 2786 C.
1666 2720 1927 2788 Suetoni
1970 2720 2317 2802 Tranquilli
2377 2721 2508 2787 vita
2551 2720 2811 2792 Terenti

593 2841 984 2919 compertum
1024 2835 1359 2916 babemus;
1399 2833 1630 2902 ibidem
1673 2834 1942 2916 legimus
1988 2839 2055 2900 et
2083 2833 2446 2901 Ciceronem
2478 2833 2581 2920 (cf.
2614 2836 2808 2901 etiam

592 2949 676 3016 ad
717 2951 854 3018 Att.
897 2949 1044 3029 VII,
1087 2951 1155 3030 3,
1204 2951 1305 3026 10)
1361 2953 1427 3014 et
1470 2946 1809 3013 Caesarem
1861 2948 2095 3015 lectum
2154 2967 2508 3030 purumque
2550 2948 2811 3014 Terenti

592 3081 948 3130 sermonem
989 3061 1364 3142 laudavisse,
1407 3079 1530 3143 quo
1563 3059 1921 3129 addendum
1952 3070 2052 3128 est
2082 3061 2535 3140 Quintilianum
2563 3081 2812 3146 quoque

596 3177 770 3259 (inst.
814 3195 905 3242 or.
949 3176 1028 3256 X,
1077 3179 1131 3255 1,
1173 3175 1282 3264 99)
1329 3174 1591 3242 Terenti
1631 3176 1873 3257 scripta
1916 3176 2387 3258 elegantissima
2430 3177 2809 3244 existimare.

759 3291 914 3357 Inde
971 3291 1231 3357 Terenti
1283 3309 1484 3372 genus
1538 3290 1788 3357 dicendi
1845 3310 1884 3356 a
1940 3307 2228 3358 sermone
2248 3342 2266 3372 ,
2326 3310 2449 3374 quo
2507 3310 2659 3358 usus
2712 3297 2812 3357 est

594 3406 860 3472 Plautus
875 3457 891 3486 ,
948 3406 1228 3471 multum.
1271 3403 1676 3471 abhorruisse
1728 3410 2000 3487 apparet
2016 3456 2032 3485 ‚
2085 3420 2462 3486 quamquam
2523 3422 2598 3470 ea
2612 3456 2627 3484 ,
2689 3422 2813 3486 qua

592 3520 701 3585 ille
742 3518 1036 3600 florebat,
1097 3526 1276 3587 aetas
1334 3521 1436 3586 vix
1489 3519 1713 3602 viginti
1767 3538 2074 3587 annorum
2125 3519 2461 3584 intervallo
2514 3539 2553 3586 a
2606 3525 2811 3585 morte

595 3635 806 3701 Plauti
850 3634 1143 3702 distabat.
1207 3634 1428 3718 Neque
1458 3634 1817 3715 defuerunt,
1865 3635 1973 3718 qui
2012 3633 2593 3702 animadverterent
2619 3640 2812 3719 atque

459 3755 462 3758 ’
596 3730 1080 3831 pronuntiarent
1094 3799 1110 3828 ‚
1175 3745 1514 3831 plurimum
1569 3749 1883 3815 interesse
1937 3749 2107 3815 inter
2161 3748 2373 3814 Plauti
2426 3754 2495 3815 et
2548 3749 2814 3816 Terenti

596 3881 948 3954 sermonem
975 3865 1027 3945 2)
1045 3915 1060 3944 ,
1141 3864 1391 3929 etiamsi
1452 3863 1786 3946 utriusque
1854 3863 1983 3929 stili
2048 3862 2408 3928 discrimina
2468 3882 2667 3946 usque
2731 3863 2813 3928 ad

597 3993 762 4059 hunc
806 3991 975 4059 diem
1017 4011 1140 4061 non
1187 3992 1344 4059 satis
1387 3996 1684 4058 accurate
1728 3987 2015 4073 exposita
2052 3993 2218 4058 sunt.

741 4245 802 4313 1)
841 4242 911 4298 cf.
950 4243 1182 4313 Adelph.
1217 4242 1355 4312 prol.
1393 4241 1464 4297 55
1501 4256 1616 4311 sqq.
1654 4241 1860 4298 Heaut.
1897 4241 2038 4312 prol.
2075 4241 2162 4298 22.

743 4347 799 4415 2)
836 4346 904 4401 cf.
943 4345 1195 4417 Langen,
1232 4344 1502 4416 Beitrage
1553 4359 1655 4400 zur
1692 4342 1886 4399 Kritik
1921 4345 2034 4399 und
2069 4344 2389 4412 Erkliirung
2427 4343 2523 4398 des
2560 4341 2814 4396 Plautus.

597 4449 748 4525 Lips.
805 4447 946 4509 1880
999 4446 1059 4504 in
1112 4446 1318 4518 praefi:
1391 4445 1711 4517 „Zwischen
1766 4445 2003 4502 Plautus
2056 4445 2170 4502 und
2224 4444 2440 4502 Terenz
2492 4443 2639 4514 liegt
2692 4441 2816 4498 eine
