3300 4984
1342 462 1422 480 ....
1508 429 1588 495 15
1678 461 1747 478 .-

604 610 806 676 Simili
857 610 920 676 vi
968 611 1303 693 ‚praedico‘
1372 613 1646 695 positum
1712 617 1813 678 est
1882 612 1947 678 in
2004 613 2197 679 Andr.
2256 633 2315 679 v.
2372 615 2474 693 46,
2544 613 2652 680 ubi

435 741 780 804 pronomen
835 723 993 805 ‚hoc‘
1049 723 1430 792 antecedens
1490 726 1886 792 enuntiatum
1948 725 2317 809 primarium
2378 725 2651 793 indicatz

435 835 571 902 Hoc
621 837 893 918 primum
943 837 1009 903 in
1064 838 1182 904 hac
1232 857 1305 904 re
1354 838 1650 922 praedico
1710 838 1851 906 tibi:
1934 845 1947 919 1
2017 839 2187 920 Quas
2244 839 2449 906 credis
2512 858 2653 906 esse

434 949 569 1031 has,
611 968 739 1016 non
781 957 932 1018 sunt
972 969 1166 1017 verae
1207 952 1487 1034 nuptiae.

597 1063 809 1130 Etiam
862 1064 945 1130 ad
1021 1062 1283 1132 verbum
1355 1065 1667 1146 ,hariolor‘
1732 1084 2074 1148 pronomen
2150 1067 2309 1150 ‚hoc‘
2384 1067 2649 1146 accedit,

433 1177 602 1260 quod
642 1179 968 1245 enuntiato
1026 1185 1332 1262 sequente
1386 1181 1777 1248 illustratur:
1832 1180 2095 1264 Adelph.
2138 1185 2262 1250 202
2304 1201 2439 1266 sqq.
2528 1181 2651 1248 Sed

434 1310 552 1374 ego
593 1293 712 1360 hoc
765 1293 1072 1360 hariolor:
1121 1297 1134 1377 1
1181 1293 1305 1361 Ubi
1348 1314 1448 1362 me
1503 1294 1722 1362 dixero
1763 1295 1918 1362 dare
1961 1297 2153 1378 tanti,
2221 1298 2407 1364 testis
2461 1296 2653 1362 faciet

433 1405 594 1487 ilico,
645 1407 660 1490 ι
705 1405 1084 1474 Vendidisse
1126 1426 1246 1474 me.

595 1517 878 1587 Verbum
966 1520 1209 1602 ,fateor‘
1299 1523 1689 1606 paratactice
1771 1525 2046 1605 positum
2129 1530 2229 1590 est
2298 1524 2397 1591 his
2466 1525 2648 1590 locis:

429 1631 661 1701 Heaut.
690 1637 828 1702 158.
872 1634 974 1702 Ita
1014 1654 1119 1702 res
1162 1641 1282 1714 est,
1326 1635 1567 1702 fateor:
1613 1643 1945 1719 peccatum
1990 1656 2029 1704 a
2069 1657 2171 1704 me
2199 1644 2642 1705 maxumumst.

760 1748 998 1817 Heant.
1043 1752 1182 1818 644.
1274 1751 1364 1817 Mi
1405 1751 1727 1833 Chremes,
1772 1753 2047 1835 peccavi,
2084 1751 2328 1821 fateor:
2372 1753 2605 1820 vincor.

765 1863 1016 1932 Phorm.
1060 1866 1204 1933 236.
1286 1866 1508 1947 Audio,
1547 1866 1773 1934 fateor.

701 1983 706 1986 ’
767 1976 1034 2060 Adelph.
1090 1981 1214 2046 188
1268 1998 1360 2063 sq.
1457 1981 1630 2047 Leno
1691 1999 1853 2064 sum,
1911 1981 2222 2063 pernicies
2284 1981 2648 2060 communis,

937 2093 1168 2174 fateor,
1212 2094 1733 2176 adulescentium,
1783 2095 1795 2180 Ι
1842 2095 2161 2176 Periurus,
2205 2095 2423 2180 pestis.
2474 2143 2483 2152 -

597 2209 726 2292 (Sic
769 2211 962 2276 metri
1017 2229 1208 2278 causa
1259 2211 1630 2278 Fleckeisen
1687 2218 1755 2277 et
1805 2211 1970 2277 hunc
2028 2218 2285 2278 secutus
2340 2210 2648 2276 Dziatzko

427 2327 835 2389 mutaverunt
877 2342 1129 2390 versum
1171 2331 1392 2390 contra
1434 2332 1805 2391 concentum
1850 2325 2123 2391 omnium
2166 2322 2448 2391 codicum
2466 2371 2483 2402 ,
2542 2323 2649 2404 qui

425 2433 687 2503 habent:
735 2436 960 2514 ‚fateor
1000 2438 1310 2520 pernicies
1351 2439 1734 2505 communis‘.
1806 2439 2079 2521 Spengel
2120 2438 2407 2520 scripsit=
2450 2437 2643 2516 Leuc,

420 2551 746 2632 pernicies,
801 2551 1039 2634 fateor,
1099 2571 1236 2619 sum
1279 2554 1620 2620 communis
1659 2553 2154 2620 adulescentium
2216 2588 2289 2599 -
2348 2551 2461 2618 sed
2515 2550 2635 2617 hoc

419 2663 650 2729 nullius
707 2665 1009 2732 momenti
1067 2671 1166 2732 est
1218 2665 1299 2732 ad
1354 2667 1673 2748 parataxis
1730 2685 1943 2747 usum,
2004 2665 2111 2750 qui
2168 2666 2234 2732 in
2288 2664 2405 2732 hoc
2448 2682 2639 2730 versu

422 2778 675 2864 exstat).

754 2894 952 2959 Afran
993 2896 1077 2960 25
1122 2949 1136 2962 .
1185 2949 1196 2962 .
1247 2944 1262 2961 .
1309 2895 1532 2976 fateor,
1569 2896 1810 2977 sumpsi
1850 2914 1974 2963 non
2016 2895 2099 2962 ab
2136 2895 2243 2962 illo
2283 2892 2481 2961 modo.

418 3007 584 3088 (Non
669 3014 844 3074 certe
941 3007 1214 3076 discerni
1301 3015 1544 3093 potest,
1641 3016 1856 3077 utrum
1947 3009 2061 3076 hoc
2146 3010 2289 3076 loco
2383 3008 2631 3090 ‚fateor‘

415 3119 726 3189 insertum
765 3123 851 3190 sit
892 3125 1220 3192 enuntiato
1265 3124 1560 3208 primario
1605 3144 1687 3190 an
1729 3124 2127 3207 praefixum).

583 3238 754 3304 Nihil
796 3237 965 3304 aliud
1007 3256 1196 3322 quam
1240 3240 1488 3320 ‚fateor‘
1531 3246 1631 3306 est
1672 3259 1818 3322 ,non
1860 3244 2075 3321 nego‘:

752 3350 1018 3435 Adelph.
1065 3355 1205 3421 798.
1291 3354 1637 3436 Factumst,
1680 3373 1804 3420 non
1844 3373 2025 3436 nego·

583 3466 791 3548 Atque
833 3466 1002 3532 idem
1059 3466 1198 3534 fere
1241 3467 1410 3534 valet
1453 3466 1801 3547 ‚concedo‘z
1858 3467 2106 3534 Phorm.
2152 3470 2275 3533 699
2316 3485 2411 3551 sq.
2502 3466 2638 3532 Iam

416 3581 470 3646 si
533 3585 869 3663 argentum
928 3582 1265 3663 acceperit,
1323 3588 1334 3658 Ι
1394 3581 1761 3649 Ducendast
1813 3600 2000 3661 uxor,
2055 3587 2129 3648 ut
2173 3581 2301 3661 ais,
2365 3579 2641 3646 concedo

418 3692 554 3760 tibi.

417 3977 698 4045 Quemque
748 3994 782 4033 a
819 3977 998 4033 milite
1035 3976 1136 4032 hoc
1177 3976 1428 4032 videritis
1467 3976 1741 4032 hominem
1780 3977 1837 4032 in
1874 3977 2080 4032 nostris
2118 3975 2345 4048 tegulis,
2405 3977 2415 4041 Ι
2464 3975 2645 4030 Extra

415 4094 586 4134 unum
622 4078 1088 4147 Palaestrionem,
1121 4079 1228 4134 huc
1272 4079 1631 4135 deturbatote
1669 4079 1727 4136 in
1764 4079 1929 4134 viam.
1974 4082 1985 4145 Ι
2045 4079 2201 4146 Quod
2237 4077 2335 4134 ille
2374 4077 2645 4150 gallinam

416 4187 519 4239 aut
556 4181 862 4238 columbam
901 4199 960 4238 se
1011 4182 1221 4239 sectari
1256 4187 1359 4239 aut
1395 4180 1628 4251 simiam,
1674 4185 1684 4248 Ι
1729 4183 1925 4238 Dicat=
1977 4181 2317 4252 disperistis‚
2366 4180 2425 4235 ni
2472 4196 2645 4262 usque

416 4284 488 4340 ad
525 4289 758 4340 mortem
796 4284 941 4340 male
979 4283 1355 4340 mulcassitis‘.
1395 4326 1408 4339 .
1449 4325 1463 4339 .
1503 4284 1716 4352 Quibus
1751 4284 2003 4340 versibus
2030 4284 2258 4352 Jordan,
2296 4283 2444 4339 Krit.
2470 4283 2647 4338 Beitr·

416 4405 466 4443 z.
517 4387 714 4443 Gesch.
765 4387 816 4442 d.
864 4387 966 4443 lat.
1017 4385 1138 4456 Spr.
1190 4386 1407 4456 (Berlin
1465 4387 1626 4454 1879)
1694 4403 1827 4457 pag.
1874 4385 1980 4441 344
2048 4387 2217 4443 edicti
2270 4385 2645 4456 magistratus

417 4489 702 4550 cuiusdam
739 4488 1108 4549 imitationem
1146 4489 1424 4546 contineri
1465 4489 1753 4546 existimat
1790 4490 2145 4558 (,Karikatnr
2158 4491 2311 4548 eines
2344 4487 2645 4557 Ediktes‘).
