3300 4984
1478 345 1991 428 -74—-‘

574 538 734 606 Nam
775 540 1050 606 hocloco
1079 538 1429 620 particulae
1475 539 1604 620 ,ita‘
1647 538 2001 606 coniunctio
2046 541 2155 619 ,ut‘
2200 538 2540 621 respondet
2582 542 2649 605 et
2678 538 2789 620 eis,

572 671 734 737 quae
777 661 1148 736 sequuntur,
1215 654 1408 720 verba
1449 653 1717 720 Lesbiae
1761 654 1999 721 dudum
2042 654 2213 720 dicta
2256 662 2652 737 repetuntur,
2718 658 2790 721 ut

569 769 651 833 ad
692 770 1042 837 orationem
1084 775 1326 834 rectam
1370 769 1723 835 revocanda
1766 768 1943 853 sint.)

735 884 910 961 Quae
952 881 1135 949 modo
1179 883 1506 948 attulimus
1551 882 1839 963 exempla
1897 883 1949 948 si
2004 882 2361 948 accuratius
2420 881 2786 963 inspexeris,

569 995 668 1061 vix
713 997 1110 1084 enuntiatum
1151 998 1522 1078 primarium
1560 997 1642 1062 ad
1669 996 1833 1079 quod
1877 997 2189 1079 particula
2232 997 2360 1078 ,ita‘
2406 996 2787 1063 antecedens

565 1117 834 1192 spectat,
920 1112 1233 1178 enuntiati
1324 1112 1705 1178 consecutivi
1773 1129 2026 1178 sensum
2112 1110 2449 1178 ostendere
2532 1110 2783 1178 dixeris.

564 1223 782 1290 Potius
822 1223 1136 1306 particula
1178 1225 1309 1306 ,ita‘
1351 1225 1768 1306 enuntiatum,
1810 1230 1884 1291 ut
1925 1225 2019 1290 ita
2059 1225 2280 1304 dicam,
2342 1223 2785 1307 explicativum

561 1337 825 1403 indicari
869 1356 1074 1420 neque
1117 1339 1313 1404 ullam
1339 1338 1649 1424 rationem
1696 1338 2012 1404 causalem
2052 1337 2117 1403 in
2159 1338 2277 1404 hoc
2317 1337 2781 1404 sententiarum

560 1469 728 1518 nexu
771 1457 1024 1518 exstare
1064 1451 1242 1518 nobis
1283 1469 1659 1535 persuasum
1698 1456 1816 1517 est.
1904 1453 2114 1533 Atque
2161 1470 2238 1516 ex
2256 1451 2384 1518 illis
2405 1470 2444 1517 a
2465 1452 2781 1518 Weissen-

560 1564 778 1630 hornio
838 1585 915 1631 ex
969 1565 1193 1631 Plauto
1245 1564 1457 1631 allatis
1515 1564 1670 1631 locis
1717 1564 1989 1630 discerni
2048 1583 2155 1631 eos
2215 1571 2484 1646 oportet,
2556 1564 2781 1648 quibus

561 1678 689 1758 ,ita‘
735 1678 817 1743 ad
876 1677 1256 1745 adiectivum
1301 1670 1561 1744 accedit.
1647 1678 1828 1744 Haec
1870 1683 2118 1744 tantum
2164 1679 2450 1762 exempla
2493 1679 2781 1745 enuntia-

559 1797 695 1858 tum
738 1810 887 1858 vere
931 1793 1399 1858 consecutivum
1440 1792 1775 1874 requirunt
1791 1843 1807 1873 ,
1872 1791 2049 1858 cuius
2090 1792 2225 1858 loco
2266 1792 2540 1858 alterum
2584 1810 2781 1858 enun-

558 1907 784 1974 tiatum
833 1907 1202 1989 primarium
1246 1907 1520 1988 positum
1563 1913 1694 1986 est;
1742 1906 1857 1973 sed
1898 1907 2139 1973 nullum
2182 1908 2316 1974 eius
2359 1906 2525 1974 modi
2567 1925 2775 1974 exem-

554 2019 730 2102 plum
790 2019 958 2104 apud
1010 2020 1377 2086 Terentium
1431 2025 1546 2085 aut
1599 2019 1936 2086 Horatium
1994 2026 2245 2087 exstare
2298 2019 2604 2089 addimus.
2692 2020 2776 2103 (A

554 2139 771 2200 nostro
851 2150 1142 2200 sermone
1221 2133 1387 2200 hunc
1455 2152 1638 2200 usum
1705 2153 1827 2201 non
1898 2152 2038 2200 esse
2116 2135 2391 2201 alienum
2461 2134 2775 2200 neminem

553 2245 742 2332 fugit)
764 2248 838 2328 ¹).

717 2363 876 2430 Cum
919 2363 1184 2446 Adelph.
1231 2383 1285 2431 v,
1331 2365 1453 2429 839
1497 2381 1693 2445 supra
1732 2363 1927 2430 allato
1983 2362 2273 2429 conferre
2328 2362 2486 2429 libet
2540 2363 2768 2430 Heaut.

549 2480 670 2544 667
717 2476 921 2553 ,Nunc
961 2477 1054 2544 ita
1096 2485 1346 2558 tempus
1389 2476 1535 2558 fert,
1593 2478 1679 2542 mi
1737 2483 1811 2542 ut
1853 2477 2101 2558 cupiam
2141 2476 2373 2544 filiam‘.
2460 2477 2576 2543 His
2618 2475 2769 2542 duo-

552 2592 666 2658 bus
708 2590 860 2657 locis
902 2592 1282 2672 comparatis
1323 2592 1658 2673 intelleges
1672 2643 1688 2673 ,
1753 2597 2005 2672 poetam
2060 2610 2183 2658 non
2241 2590 2567 2658 dubitasse
2626 2611 2767 2658 con-

547 2707 930 2775 iunctionem
973 2711 1084 2788 ‚ut‘
1128 2725 1246 2789 pon
1254 2725 1381 2787 ere,
1457 2705 1561 2773 ubi
1601 2725 1856 2772 sensum
1901 2706 2369 2773 consecutivum
2414 2705 2766 2789 significare

548 2821 761 2889 vellet.

712 2935 887 3002 Idem
926 2936 1091 3019 quod
1132 2936 1212 3004 de
1255 2937 1566 3022 particula
1609 2937 1738 3018 ,ita‘
1783 2937 2069 3017 diximus,
2112 2937 2178 3003 in
2216 2938 2344 3017 ,sic‘
2386 2937 2765 3020 particulam

545 3051 838 3133 quadrat,
896 3070 1084 3133 quam
1125 3051 1385 3118 fortiore
1428 3051 1903 3118 demonstrandi
1943 3053 2003 3117 vi
2041 3051 2397 3135 praeditam
2441 3071 2580 3118 esse
2624 3071 2766 3119 con-

543 3173 695 3235 stat.
781 3167 986 3232 Priori
1030 3167 1358 3234 enuntiato
1399 3166 1616 3233 addita
1662 3165 1742 3232 ad
1774 3186 1868 3248 ea,
1914 3185 2076 3250 quae
2105 3172 2474 3250 sequuntur,
2518 3173 2765 3250 spectat

878 3281 1074 3348 Andr.
1119 3285 1220 3347 62.
1305 3282 1405 3348 Sic
1461 3281 1593 3348 vita
1635 3287 1810 3348 erat:
1893 3281 2077 3348 facile
2119 3283 2319 3349 omnis
2360 3281 2647 3365 perferre
2690 3301 2764 3349 ac

2136 3398 2307 3480 pati3
2354 3447 2367 3462 .
2410 3449 2425 3465 .
2472 3451 2488 3466 .
2536 3451 2551 3467 .

541 3510 955 3596 Nequaquam
997 3511 1308 3580 rationem
1365 3513 1831 3579 consecutivam
1885 3514 2001 3580 hoc
2059 3515 2196 3580 loco
2252 3519 2505 3582 exstare
2548 3519 2759 3596 patet;

541 3626 750 3693 verbis
791 3625 1219 3710 sequentibus,
1266 3645 1429 3708 quae
1473 3627 1598 3706 ,sic‘
1642 3628 1955 3710 particula
1996 3626 2372 3710 indicantur,
2438 3627 2570 3694 vita
2609 3625 2761 3694 adu-

539 3739 834 3807 lescentis
875 3740 1202 3824 Pamphili,
1246 3740 1449 3822 qualis
1490 3739 1705 3821 fuerit,
1750 3742 2101 3823 explicatur
2128 3741 2203 3824 ²).
2275 3740 2534 3806 Minime
2566 3740 2761 3823 igitur

682 3934 737 4002 1)
776 3934 847 3989 cf.
867 3933 1107 4003 Uhland,
1136 3932 1521 3990 Schwabische
1542 3933 1769 3988 Kunde:
1810 3933 1962 4002 „Den
1982 3933 2222 3990 Pferden
2243 3935 2406 3990 war's
2426 3949 2486 3989 so
2504 3930 2757 3988 schwach

535 4035 611 4092 im
645 4036 870 4108 Magen,
903 4039 912 4105 Ι
942 4036 1081 4092 Fast
1117 4037 1310 4092 musst’
1349 4036 1447 4092 der
1482 4036 1678 4092 Reiter
1716 4036 1803 4092 die
1840 4036 2034 4092 Mahre
2071 4036 2312 4108 tragen‘.
2373 4037 2467 4105 ,Er
2488 4035 2637 4092 trifft
2661 4035 2757 4090 des

535 4139 763 4196 Tflrken
800 4138 970 4209 Pserd
1007 4155 1068 4194 so
1107 4143 1247 4210 gutt
1293 4138 1372 4193 Er
1408 4139 1548 4195 haut
1584 4138 1697 4194 ihm
1734 4138 1805 4196 ab
1841 4137 1943 4194 mit
1979 4138 2175 4195 Einem
2212 4137 2432 4193 Streich
2464 4144 2473 4204 Ι
2504 4137 2608 4194 Die
2643 4135 2757 4194 bei·
2822 4169 2843 4198 ι

535 4242 642 4299 den
677 4241 1024 4299 Vorderfflss‘
1074 4241 1365 4313 zugleich‘.

679 4347 732 4414 1)
772 4345 841 4400 cf.
882 4344 1284 4416 Naegelsbach,
1335 4344 1463 4400 Lat.
1517 4341 1636 4398 Stil.
1693 4341 1743 4412 S.
1785 4342 1905 4412 197,
1945 4343 2032 4397 1¹¹:
2106 4341 2195 4412 ,So
2233 4340 2374 4396 wird
2412 4341 2513 4410 oft,
2572 4340 2755 4397 indem

531 4450 630 4514 das
666 4450 1132 4524 Vorhergehende
1169 4450 1229 4506 in
1267 4449 1382 4520 ‚sic‘
1420 4449 1553 4507 oder
1588 4448 1708 4520 ,ita‘
1747 4445 2288 4520 zusammengefasst
2308 4444 2605 4518 erscheint,
2644 4443 2749 4502 mit
