3300 4984
1425 397 1843 464 -84-

859 573 1056 640 Andr.
1099 575 1224 639 259
1267 592 1357 656 sq.
1404 572 1530 639 Sed
1574 593 1743 640 1111110
1783 574 1934 657 quid
1974 575 2245 656 primum
2288 575 2647 660 exsequar?

952 691 1074 756 Tot
1117 708 1218 754 me
1260 689 1592 772 inpediunt
1633 709 1846 770 curae,
1892 709 2053 774 quae
2097 710 2305 758 meum
2348 693 2623 759 animum
2657 692 2750 758 di-

1986 825 2209 873 vorsae
2253 807 2537 874 trahunt.

697 921 1144 1002 (Interrogatio
1186 920 1304 987 hoc
1332 921 1469 987 loco
1510 920 1972 987 coniunctivum
2002 919 2420 988 dubitativum
2454 921 2751 1004 ostendit,

530 1041 606 1103 ut
646 1035 801 1100 nihil
847 1034 1016 1100 aliud
1062 1054 1138 1102 ea
1180 1036 1390 1102 valeat
1450 1055 1637 1119 quam
1699 1036 1867 1120 ,quid
1915 1087 1928 1102 .
1976 1086 1989 1101 .
2036 1088 2049 1102 .
2098 1055 2425 1119 exsequar,
2489 1038 2752 1120 nescio‘3

531 1149 610 1216 iis
651 1168 811 1232 quae
853 1156 1222 1232 sequuntur,
1267 1169 1460 1217 causa
1502 1151 1883 1233 exponitur.)

866 1262 1116 1330 Phorm.
1165 1267 1288 1331 628
1329 1283 1420 1346 sq.
1466 1264 1646 1345 Heia,
1692 1263 1945 1332 sudabis
1989 1265 2165 1346 satis,

954 1376 1021 1442 Si
1066 1397 1207 1442 cum
1248 1377 1356 1444 illo
1397 1378 1685 1461 inceptas
1725 1378 2003 1444 homine:
2049 1398 2127 1444 ea
2168 1378 2607 1461 eloquentiast.

535 1490 862 1558 Accedunt
906 1511 982 1557 ex
1021 1492 1249 1559 Horati
1291 1493 1685 1559 sermonibus
1726 1492 1793 1557 hi
1831 1493 1985 1560 loci:

869 1626 966 1690 ep.
1012 1607 1092 1686 H,
1143 1611 1197 1688 1,
1241 1610 1364 1674 202
1407 1627 1500 1690 sq.
1568 1609 1931 1690 Garganum
1986 1609 2231 1690 mugire
2290 1614 2479 1691 putes
2534 1628 2755 1676 nemus

1878 1728 1992 1789 aut
2033 1742 2209 1789 mare
2252 1725 2542 1806 Tuscum,

954 1837 1160 1902 Tanto
1204 1826 1345 1903 cum
1388 1837 1800 1920 strepituludi
1843 1842 2215 1920 spectantur
2259 1889 2272 1904 .
2320 1889 2333 1903 .
2377 1889 2390 1904 .
2442 1892 2455 1904 .

871 1969 968 2033 ep.
1013 1951 1094 2032 II,
1137 1955 1196 2033 3,
1238 1954 1365 2019 240
1405 1971 1539 2035 sqq.
1612 1955 1709 2045 Ex
1751 1959 1898 2020 noto
1940 1953 2157 2020 fictum
2213 1972 2465 2020 carmen
2506 1972 2755 2036 sequar,

2066 2073 2140 2134 ut
2180 2067 2298 2134 sibi
2340 2068 2543 2150 quivis

956 2180 1185 2263 Speret
1227 2179 1412 2262 idem,
1457 2181 1644 2248 sudet
1686 2183 1956 2249 multum
2000 2183 2363 2264 frustraque
2406 2180 2655 2249 laboret

958 2295 1166 2360 Ausus
1207 2294 1409 2360 idem:
1455 2300 1704 2362 tantum
1750 2295 1951 2362 series
1985 2295 2401 2377 iuncturaque
2442 2295 2660 2377 pollet,

957 2408 1230 2474 Tantum
1273 2406 1352 2474 de
1396 2408 1600 2474 medio
1643 2408 1913 2492 sumptis
1950 2407 2195 2474 accedit
2236 2407 2505 2474 honoris.

871 2539 968 2603 ep.
1010 2522 1092 2601 II,
1137 2524 1196 2602 3,
1241 2523 1364 2587 385
1421 2540 1512 2604 sq.
1606 2521 1704 2587 Tu
1771 2521 1924 2587 nihil
1987 2523 2187 2587 invita
2249 2521 2421 2587 dices
2486 2521 2757 2588 faciesve

2210 2634 2518 2716 Minerva,

958 2747 1031 2814 Id
1075 2747 1191 2815 tibi
1233 2748 1614 2828 iudiciumst,
1662 2767 1739 2814 ea
1778 2766 1975 2814 mens.

538 2862 660 2930 Illa
699 2862 1018 2943 vocabula,
1092 2883 1252 2946 quae
1304 2865 1370 2929 in
1431 2864 1915 2947 epiphonemate
1971 2864 2116 2947 poni
2171 2864 2461 2945 vidimus,
2532 2862 2611 2929 ab
2664 2881 2757 2943 eo,

538 2977 645 3061 qui
685 2978 983 3060 loquitur,
1026 2977 1264 3043 maiore
1306 2997 1448 3044 cum
1489 2979 1548 3043 vi
1594 2977 1915 3043 efferenda
1958 2995 2097 3043 esse
2128 2980 2618 3044 consentaneum
2661 2983 2761 3042 est

539 3097 731 3173 atque
774 3110 852 3157 ex
895 3109 970 3156 eo
1010 3091 1294 3173 inprimis
1335 3099 1623 3173 apparet,
1669 3091 1835 3174 quod
1877 3090 2105 3173 ubique
2144 3090 2210 3155 in
2246 3090 2426 3157 initio
2451 3091 2760 3156 enuntiati

537 3205 742 3271 locum
783 3223 968 3270 suum
1009 3203 1314 3271 obtinent.

706 3318 779 3382 In
824 3319 1124 3400 exemplis
1167 3318 1290 3384 huc
1332 3338 1532 3401 usque
1574 3318 1789 3384 allatis
1831 3319 2027 3385 certis
2068 3319 2386 3385 vocabulis
2416 3321 2761 3387 sententia·

541 3451 684 3500 rum
726 3452 924 3500 nexus
964 3433 1338 3515 ostenditur,
1383 3453 1588 3516 neque
1635 3434 1954 3500 causalem
1996 3433 2309 3516 quandam
2352 3434 2661 3500 rationem
2696 3434 2763 3499 in

544 3550 637 3616 eis
677 3550 884 3616 inesse
926 3550 1278 3632 negaveriS,
1323 3551 1456 3616 sive
1498 3549 1610 3615 illa
1653 3550 1957 3617 vocabula
1997 3550 2078 3615 ad
2122 3569 2201 3615 ea
2240 3555 2554 3632 spectant,
2600 3569 2761 3633 quae

541 3667 913 3746 sequuntur,
957 3669 1032 3729 111
1075 3668 1373 3730 eventum
1415 3664 1788 3747 significent,
1846 3665 1977 3730 sive
2021 3665 2102 3730 ad
2148 3683 2244 3744 ea,
2300 3684 2462 3748 quae
2506 3683 2762 3748 praece-

542 3778 721 3860 dunt,
766 3784 840 3844 ut
883 3797 1137 3844 causam
1179 3778 1473 3846 indicent.
1558 3777 2012 3844 Difficillimum
2068 3782 2281 3843 autem
2338 3784 2439 3844 est
2481 3797 2762 3846 nonnun-

544 3909 734 3975 quam
768 3890 1148 3971 discernere,
1219 3910 1343 3973 qua
1394 3893 1638 3958 ratione
1694 3894 1865 3958 inter
1922 3911 1992 3958 se
2046 3892 2427 3958 cohaereant
2469 3911 2583 3957 eae
2625 3911 2763 3958 sen-

543 4006 809 4086 tentiae,
867 4024 1028 4089 quae
1069 4006 1240 4072 nullo
1282 4007 1531 4072 omnino
1568 4007 1820 4074 vinculo
1862 4008 2033 4072 inter
2076 4024 2148 4071 se
2191 4006 2613 4074 continentur.
2698 4006 2764 4072 Si

545 4121 944 4188 enuntiatum
1008 4120 1390 4186 antecedens
1454 4123 1689 4188 maiore
1753 4141 1894 4188 cum
1954 4122 2017 4186 vi
2073 4120 2459 4187 efferendum
2532 4127 2631 4188 est
2694 4126 2765 4188 et

544 4236 876 4302 >enuntiato
959 4235 1310 4317 posteriore
1393 4242 1661 4303 eventus
1727 4237 1863 4303 eius
1933 4235 2340 4316 significatur,
2416 4234 2763 4316 asyndeton

547 4350 712 4438 quod
755 4351 1016 4418 dicimus
1059 4352 1527 4418 consecutivum
1587 4351 1762 4418 nobis
1824 4369 2158 4417 occurrere
2216 4349 2540 4416 concedas,
2625 4350 2765 4416 Huc

549 4468 830 4540 revocari
875 4472 1140 4557 possunt
1180 4468 1246 4538 hi
1285 4468 1436 4536 loci:
