3300 4984
1492 371 1783 437 -102
1870 406 1942 423 -·-

775 545 1040 632 Saepius
1082 546 1183 614 hic
1225 546 1657 615 coniunctivus
1697 549 2017 615 invenitur
2044 548 2123 625 ,in
2165 548 2395 618 Horati
2434 548 2825 618 sermonibus

611 661 922 730 enuntiati
961 661 1317 730 secundarii
1357 663 1527 730 locOt

939 806 1060 864 sat.
1103 796 1153 875 Ι,
1199 800 1256 877 1,
1313 799 1395 860 45
1451 813 1544 878 sq.
1610 795 1785 862 Milia
1839 795 2143 864 frumenti
2195 803 2309 864 tua
2365 797 2618 864 triverit
2672 814 2823 864 area

2324 915 2610 978 centum:

1026 1021 1168 1090 Non
1208 1027 1358 1089 tuus
1398 1021 1516 1088 hoc
1561 1023 1767 1104 capiet
1810 1013 2037 1091 venter
2078 1023 2222 1105 plus
2262 1042 2337 1092 ac
2378 1039 2561 1091 meus
2597 1073 2613 1092 .
2658 1075 2673 1092 .
2720 1077 2733 1092 .

1097 1137 1179 1218 H,
1220 1139 1281 1217 2,
1323 1138 1444 1202 126
1487 1155 1579 1218 sq.
1623 1136 1877 1204 Saeviat
1918 1142 2111 1220 atque
2151 1157 2343 1205 novos
2385 1144 2637 1205 moveat
2666 1139 2817 1206 For-

2063 1259 2220 1320 tuna
2261 1253 2604 1320 tumultus:

1022 1368 1342 1447 Quantum
1381 1366 1524 1433 hinc
1566 1367 1939 1434 imminuet?
1992 1415 2007 1432 .
2055 1417 2070 1434 .
2116 1416 2129 1431 .

978 1531 1010 1566 „
1097 1482 1180 1563 ΙΙ,
1225 1484 1284 1563 3,
1329 1485 1410 1546 57
1453 1500 1586 1565 sqq.
1631 1481 1881 1549 Clamet
1922 1482 2122 1549 amica

1018 1595 1248 1676 Mater,
1294 1595 1563 1662 honesta
1603 1613 1783 1662 soror
1826 1613 1971 1662 cum
2010 1595 2313 1676 cognatis,
2374 1601 2578 1678 pater,
2622 1615 2811 1664 uxor:

1015 1708 1136 1774 Hic
1177 1707 1347 1775 fossa
1386 1714 1485 1775 est
1525 1708 1769 1793 ingens,
1812 1708 1912 1775 hic
1956 1726 2149 1791 rupes
2190 1710 2491 1779 maximat
2533 1710 2767 1777 serval‘

1013 1823 1154 1889 Non
1197 1822 1399 1904 magis
1441 1821 1717 1889 audierit
1762 1875 1775 1890 .
1822 1875 1837 1889 .
1885 1875 1897 1888 .
1948 1873 1965 1890 .

925 1952 1022 2017 ep.
1063 1936 1115 2014 Ι,
1166 1938 1224 2017 1,
1268 1938 1370 2002 28.
1427 1935 1568 2003 Non
1609 1937 1814 2018 possis
1856 1935 2034 2002 oculo
2076 1941 2383 2020 quantum
2425 1934 2808 2003 contendere

2288 2049 2596 2132 Lynceus,

1009 2161 1152 2227 Non
1195 2168 1410 2228 tamen
1451 2161 1685 2229 idcirco
1726 2168 2091 2229 contemnas
2134 2162 2344 2246 lippus
2384 2163 2647 2246 inungui
2670 2163 2757 2246 ¹).-

754 2293 852 2360 Ad
895 2294 1229 2377 parataxin
1273 2295 1695 2362 concessivam
1734 2295 2153 2364 revocandum
2211 2314 2352 2363 esse
2404 2301 2559 2378 puto
2612 2297 2805 2363 etiam

593 2407 782 2477 Andr.
825 2429 883 2477 v,
925 2412 1069 2490 204,
1130 2409 1264 2492 (qui
1304 2410 1657 2476 simillimus
1699 2417 1802 2476 est
1845 2412 2006 2479 Eun.
2050 2430 2107 2476 v.
2151 2413 2275 2477 245
2295 2462 2310 2492 ,
2383 2428 2571 2493 quem
2610 2428 2803 2492 supra

586 2524 674 2608 (p.
716 2521 824 2607 95)
869 2523 1406 2606 memoravimus):
1451 2522 1717 2605 ,Inrides
1731 2522 1765 2591 ’ἓ
1810 2523 1902 2588 nil
1942 2541 2045 2589 me
2086 2521 2296 2590 fallis‘.

749 2637 1125 2720 Ambiguum
1166 2657 1306 2704 esse
1359 2636 1629 2717 videtur,
1697 2655 1847 2702 num
1903 2637 2317 2717 interrogatio
2374 2637 2475 2703 hic
2531 2638 2618 2704 sit
2670 2644 2802 2705 sta-

582 2750 836 2819 tuenda.
923 2752 1197 2835 Spengel
1263 2753 1353 2832 (in
1411 2751 1552 2818 adn.
1611 2750 1693 2817 ad
1743 2750 1804 2815 h.
1849 2752 1919 2830 l.)
1984 2749 2227 2816 duobus
2281 2751 2434 2818 locis
2487 2752 2799 2820 Plautinis

578 2864 824 2930 collatis
867 2865 1349 2947 interrogationi
1389 2865 1593 2930 locum
1637 2881 1779 2930 esse
1824 2862 2122 2944 affirmat,
2174 2881 2316 2930 cum
2357 2865 2797 2948 interrogatio-

975 1188 1008 1221 n

574 3091 1112 3158 schmeichelndes
1154 3091 1389 3157 Wesen
1431 3092 1516 3156 ist
1557 3109 1679 3156 nur
1722 3089 1925 3173 Spott‘
1945 3141 1961 3171 ,
2026 3090 2191 3173 quod
2232 3093 2445 3158 sensui
2486 3111 2611 3158 non
2653 3111 2795 3159 con-

571 3205 788 3272 venire
848 3212 1142 3289 apertum
1203 3212 1325 3271 est..
1405 3203 1532 3270 Sed
1588 3203 1880 3288 equidem
1933 3223 2189 3286 censeo,
2262 3224 2385 3271 non
2438 3206 2637 3287 magis
2691 3206 2793 3271 hic

570 3339 759 3404 quam
798 3321 866 3386 in
906 3320 1032 3386 illis
1077 3318 1398 3402 exemplis„
1459 3337 1620 3400 quae
1663 3319 1996 3401 parataxin
2050 3319 2536 3386 condicionalem
2581 3326 2791 3385 osten-

568 3436 723 3503 dere
787 3435 1071 3502 videmus
1129 3434 1232 3518 (cf.
1276 3451 1418 3516 pag.
1462 3435 1543 3499 93
1587 3435 1751 3516 sqq.)
1769 3484 1784 3514 ,
1852 3451 2042 3499 verae
2106 3433 2591 3516 interrogationi
2648 3451 2790 3500 esse

566 3527 792 3630 locum,
847 3549 1037 3614 immo
1081 3547 1342 3615 verbum
1388 3545 1665 3628 ,inrides‘
1725 3552 1900 3613 certo
1955 3547 2123 3612 vocis
2165 3564 2317 3613 sono
2358 3544 2650 3611 similiter
2692 3551 2788 3612 at-

565 3682 690 3746 que
757 3662 1317 3744 interrogationem
1386 3659 1919 3744 pronuntiandum
1980 3678 2137 3726 esse.
2236 3659 2495 3741 Signum
2572 3666 2788 3727 autem

562 3777 1075 3860 interrogationis
1115 3775 1216 3842 hic
1261 3794 1506 3858 quoque
1547 3773 1690 3840 ideo
1733 3773 2177 3840 arcessendum
2224 3789 2365 3838 esse
2408 3789 2783 3854 persuasum

561 3891 764 3958 habeo
781 3941 796 3972 ,
866 3897 940 3958 ut
1001 3908 1126 3972 qua
1190 3890 1435 3956 ratione
1510 3888 1909 3954 enuntiatum
1982 3885 2303 3966 efferatur,
2373 3884 2781 3968 significetur.

559 4005 864 4072 Nostrum
908 4021 1261 4070 sermonem
1306 4002 1386 4067 ad
1440 4001 1562 4068 hoc
1614 4019 1817 4082 genus
1858 3998 2109 4066 dicendi
2148 4000 2431 4081 proxime
2476 4000 2779 4068 accedere

703 4241 758 4310 1)
796 4237 1196 4296 Coniunctivus
1234 4236 1580 4294 concessivus
1629 4241 1821 4292 exstat
1871 4235 2043 4291 etiam
2094 4234 2221 4291 aliis
2271 4236 2423 4307 locis,
2475 4237 2631 4293 velut
2668 4241 2777 4292 sat.

557 4344 604 4412 Ι,
639 4342 693 4414 2,
733 4344 855 4414 123,
893 4344 940 4414 Ι,
982 4343 1067 4409 10,
1107 4342 1204 4410 64;
1261 4341 1357 4396 sed
1394 4356 1504 4396 non
1543 4338 1762 4410 pariter
1798 4337 1885 4392 his
1924 4338 2061 4393 locis
2099 4343 2337 4408 apparet
2373 4337 2521 4393 ratio
2560 4353 2778 4395 conces-

431 4479 435 4482 ·
557 4448 695 4522 siva,
733 4464 842 4521 qua
877 4447 1193 4507 sententiae
1232 4445 1551 4502 cohaerent.
