3300 4984
1483 415 1899 483 ‘-.67....

923 598 1173 665 Phorm.
1217 602 1339 666 563
1383 619 1516 683 sqq.
1560 600 1799 667 Verum
1840 600 1940 667 abi
1981 599 2233 668 domum

1014 714 1102 780 Et
1143 714 1316 780 illam
1360 717 1678 796 miseram,
1722 734 1909 798 quam
1956 735 2071 798 ego
2112 735 2276 782 nunc
2303 715 2477 782 intus
2519 715 2648 781 scio
2668 733 2825 780 esse·

1931 831 2348 897 exanimatam
2396 835 2593 909 metu,

1007 941 1364 1012 Consolare.

1217 1059 1337 1123 921
1380 1077 1475 1141 sq.
1537 1057 1666 1124 Sed
1720 1057 1922 1124 transi
1976 1056 2159 1124 sodes
2214 1056 2293 1122 ad
2348 1058 2552 1124 forum
2612 1060 2803 1137 atque

1565 1146 1578 1162 '
2241 1168 2396 1235 inud
2439 1168 2592 1235 mihi

1006 1284 1355 1366 Argentum
1397 1304 1648 1352 rursum
1695 1284 1842 1351 iube
1884 1283 2165 1366 rescribi,
2211 1281 2519 1348 Phormio,

915 1397 1070 1465 Hec.
1115 1402 1257 1465 314.
1297 1398 1434 1481 Abi,
1480 1400 1811 1482 Parmen0,
1855 1401 2021 1466 intro
2062 1418 2138 1465 ac
2160 1391 2260 1464 me
2288 1397 2534 1464 venisse
2554 1397 2797 1464 nuntia.

912 1512 1174 1596 Adelph.
1225 1517 1362 1580 167.
1408 1514 1527 1581 Abi
1567 1534 1723 1596 prae
1765 1521 2028 1581 strenue
2070 1533 2144 1579 ac
2185 1513 2355 1580 fores
2396 1512 2593 1595 aperi.

1205 1632 1347 1696 351.
1402 1628 1524 1695 Abi
1579 1636 1774 1712 atque
1828 1629 2095 1712 Hegioni
2150 1634 2416 1708 cognato
2472 1627 2606 1693 eius
2658 1645 2796 1693 rem

1717 1750 2013 1810 enarrato
2053 1761 2300 1808 omnem
2343 1739 2580 1807 ordine.

1205 1860 1347 1924 699.
1389 1858 1510 1925 Abi
1551 1858 1802 1924 domum
1844 1876 1918 1923 ac
1962 1857 2113 1923 deos
2151 1873 2530 1938 conprecare
2574 1903 2589 1920 .
2633 1905 2647 1921 .
2693 1903 2709 1920 .

997 2022 1030 2055 ‚,
1200 1974 1342 2038 917.
1389 1973 1486 2038 Tu
1524 1972 1669 2038 illas
1710 1970 1813 2036 abi
1853 1976 1918 2037 ct
1959 1970 2223 2036 traduce
2244 1969 2317 2053 ²).

737 2103 1160 2186 Imperativus
1203 2103 1468 2186 simplex
1511 2105 1570 2186 ‚i‘
1613 2105 1857 2186 positus
1902 2109 2002 2170 est
2044 2102 2265 2170 eodem
2307 2100 2520 2168 modo:

905 2218 1060 2285 Hec.
1103 2221 1244 2284 611.
1290 2218 1333 2285 J
1376 2238 1528 2302 ergo
1568 2221 1737 2286 intro
1780 2225 1847 2286 et
1887 2237 2187 2300 compone
2235 2268 2249 2284 .
2297 2269 2311 2284 .
2356 2266 2373 2284 .
2418 2269 2433 2285 .

736 2330 974 2412 ,Gurre‘
1019 2331 1374 2400 invenitur:

898 2445 1053 2513 Hec.
1095 2448 1236 2511 359.
1281 2447 1378 2512 Tu
1417 2447 1631 2529 pueris
1676 2465 1879 2528 curre,
1924 2446 2252 2526 Parmeno,
2305 2443 2551 2511 obviam
2592 2449 2785 2526 atque

1970 2561 2061 2626 eis
2103 2578 2298 2627 onera
2338 2558 2574 2626 adiuta.

731 2690 917 2773 Apud
957 2691 1291 2758 Horatium
1338 2693 1474 2758 eius
1516 2693 1684 2758 modi
1727 2693 2016 2774 exempla
2053 2695 2395 2759 occurrunt
2434 2691 2622 2755 haec:
2802 2775 2809 2781 .

900 2813 1020 2873 sat.
1064 2808 1115 2888 I,
1163 2809 1260 2887 10,
1302 2811 1402 2873 92.
1447 2810 1496 2889 I,
1541 2826 1720 2889 puer,
1778 2815 1970 2889 atque
2024 2826 2163 2872 meo
2220 2806 2385 2871 citus
2439 2805 2595 2870 haec
2638 2803 2783 2870 sub—

2102 2918 2307 2988 scribe
2342 2918 2570 2986 libello.

896 3052 993 3116 ep.
1037 3034 1118 3115 H,
1161 3037 1220 3116 2,
1264 3036 1363 3100 76.
1406 3037 1436 3100 I
1481 3054 1644 3101 nunc
1690 3042 1756 3101 et
1796 3054 2020 3103 versus
2061 3042 2273 3103 tecum
2325 3034 2635 3101 meditare
2678 3052 2780 3100 ca-

2360 3167 2565 3219 noros.

1013 1109 1046 1142 n

1001 1678 1033 1712 n

1001 1908 1034 1941 n

729 3278 1011 3346 Vidimus
1051 3280 1246 3363 igitur
1287 3282 1454 3364 apud
1495 3283 1865 3348 Terentium
1921 3302 2044 3348 non
2100 3283 2307 3349 minus
2364 3300 2553 3365 quam
2607 3280 2778 3362 apud

556 3391 857 3460 Plautum
899 3393 1053 3461 duos
1080 3396 1507 3479 imperativo&
1553 3416 1817 3479 quorum
1848 3416 2029 3478 unus,
2075 3399 2179 3479 qui
2199 3396 2540 3477 antecedit,
2585 3394 2775 3462 eundi

554 3506 873 3573 notionem
912 3507 1125 3590 habet,
1168 3511 1496 3590 particulis
1525 3511 1896 3592 copulativis
1919 3528 2058 3576 esse
2088 3509 2448 3576 coniunctos
2473 3513 2523 3587 ²)
2567 3527 2773 3591 neque

552 3619 719 3686 hunc
759 3639 944 3687 usum
983 3621 1326 3690 abhorrere
1366 3624 1448 3689 ab
1489 3624 1774 3692 Horatio.

697 3864 752 3933 1)
792 3863 859 3919 cf.
898 3863 1173 3921 Dziatzko
1212 3868 1283 3921 ad
1319 3867 1374 3922 h.
1412 3868 1450 3922 1.
1490 3868 1585 3937 qui
1622 3868 1733 3938 ,abi
1769 3869 1847 3924 et‘
1887 3898 1950 3908 -
1992 3870 2133 3937 quod
2172 3869 2320 3924 inter
2370 3869 2598 3926 verbum
2635 3877 2768 3936 ‚tra-

550 3965 706 4023 duce‘
757 3972 817 4023 et
865 3967 985 4023 eius
1042 3969 1317 4026 obiectum
1369 3971 1528 4035 ,illas‘
1582 3971 1882 4028 intercedit
1933 4001 1993 4012 -
2051 3959 2276 4027 minoris
2333 3988 2453 4029 esse
2501 3975 2767 4030 momenti

548 4047 962 4128 animadvertit.¹

688 4169 746 4258 2)
785 4170 1051 4227 Addimus
1088 4172 1232 4229 idem
1271 4189 1557 4231 occurrere
1596 4176 1768 4230 etiam
1804 4177 1863 4230 in
1900 4175 2027 4231 aliis
2064 4175 2409 4245 imperativis
2435 4175 2763 4246 iungendis:

547 4273 796 4343 exeeptis
833 4273 902 4330 iis
938 4275 1089 4344 locis,
1130 4275 1326 4344 quibus
1365 4278 1728 4348 imperativus
1785 4285 1927 4348 ,age‘
1990 4280 2157 4335 alteri
2207 4279 2537 4350 imperativo
2586 4279 2762 4350 parti-

545 4374 702 4431 culae
740 4377 899 4444 quasi
935 4377 1324 4436 exhortativae
1360 4381 1478 4436 loco
1521 4381 1781 4449 adicitur,
1819 4382 2025 4452 viginti
2062 4389 2271 4452 septem
2315 4381 2675 4440 inveniuntur
2701 4383 2759 4438 in

544 4475 777 4536 Terenti
814 4479 1035 4552 fabuIiS,
1074 4479 1169 4536 ubi
1208 4465 1330 4544 duo*
1349 4482 1673 4558 imperativi
1709 4484 1826 4541 sine
1847 4485 2128 4556 particula
2154 4483 2314 4541 iuxta
2351 4502 2410 4541 se
2447 4490 2728 4556 ponuntur
2742 4503 2759 4558 ς

2252 4581 2289 4638 5
2302 4582 2333 4618 ιιι
