3300 4984
1412 421 1497 434 ...
1579 375 1664 454 ‘54
1745 422 1828 435 -.

837 558 1066 626 Heaut.
1112 561 1252 626 162.
1292 559 1477 642 Apud
1525 579 1624 626 me
1669 563 1755 628 sis
1793 562 1954 630 volo.

927 722 962 755 ‚,
1115 675 1292 740 1066.
1339 674 1496 757 Syre
1537 675 1825 757 ignoscas
1865 676 2025 743 volo.

835 786 1088 855 Phorm.
1129 791 1269 854 819.
1331 788 1428 855 Ne
1480 788 1590 854 filii
1649 789 1904 872 quidem
1957 790 2075 857 hoc
2124 791 2325 858 nostri
2378 790 2726 870 resciscant

2072 958 2079 967 .
2350 907 2510 973 volo.

835 1015 990 1085 Hec.
1035 1018 1177 1084 753.
1220 1016 1346 1084 Sed
1387 1016 1541 1098 scin,
1597 1018 1748 1100 quid
1790 1020 1932 1086 volo
1971 1018 2181 1101 potius
2221 1020 2405 1086 sodes
2444 1019 2639 1086 facias
2653 1022 2685 1086 Ρ

839 1130 1033 1198 Andr.
1078 1133 1218 1198 708.
1261 1130 1500 1197 Verum
1542 1131 1638 1198 vis
1680 1131 1934 1198 dicam?

836 1246 995 1312 Eun.
1042 1247 1164 1311 894
1207 1264 1299 1327 sq.
1345 1246 1466 1311 Vin
1503 1247 1770 1326 interea,
1815 1245 1962 1312 dum
2004 1247 2198 1328 venit,

924 1357 1110 1426 Domi
1151 1358 1552 1440 opperiamur
1591 1359 1802 1441 potius
1844 1377 2033 1441 quam
2072 1360 2174 1426 hic
2216 1366 2367 1426 ante
2409 1361 2685 1427 ostium?

880 1522 912 1555 ,‚
1048 1473 1225 1538 1054.
1271 1472 1436 1552 Quid
1477 1473 1568 1540 vis
1611 1473 1838 1540 faciam
1858 1476 1889 1539 i>

837 1584 1068 1652 Heaut.
1115 1587 1256 1652 818.
1301 1585 1462 1666 Quid
1502 1587 1701 1670 igitur
1742 1587 1947 1654 dicam
1990 1587 2105 1655 tibi
2147 1587 2286 1657 vis?
2306 1589 2356 1673 ¹)

929 1749 962 1784 ‚,
1111 1701 1254 1766 846.
1297 1700 1414 1766 Dic
1453 1701 1604 1784 quid
1644 1703 1740 1768 vis
1780 1702 2056 1771 faciam?

834 1813 990 1882 Hec.
1035 1817 1176 1880 436.
1225 1815 1387 1893 Quid
1429 1817 1524 1882 vis
1568 1815 1816 1882 dicam?

879 1980 912 2013 „
1031 1931 1171 1996 787.
1213 1926 1311 1995 Ob
1353 1948 1493 1995 eam
1535 1949 1674 1996 rem
1716 1931 1821 1996 vin
1862 1949 2016 2012 ergo
2051 1932 2227 1999 intro
2269 1933 2458 1998 eam?

836 2040 1102 2124 Adelph.
1153 2045 1287 2109 138.
1332 2043 1543 2109 Unum
1585 2044 1679 2109 vis
1722 2061 1970 2110 curem:
2017 2063 2167 2112 curo
2186 2048 2257 2129 ²).

832 2155 1082 2223 Phorm.
1130 2159 1268 2223 102.
1313 2156 1599 2222 Voltisne
1642 2176 1860 2224 eamus
1902 2158 2157 2226 visere?

926 2320 959 2354 „
1131 2273 1273 2336 449.
1333 2271 1467 2353 Ego
1507 2289 1669 2354 quae
1709 2272 1775 2336 in
1817 2289 1953 2338 rem
2013 2278 2190 2339 tuam
2243 2274 2373 2340 sint
2419 2292 2495 2339 ea
2537 2274 2725 2340 velim

1118 2381 1139 2402 '
2298 2387 2511 2454 facias,

838 2497 1101 2579 Adelph.
1151 2501 1291 2563 519.
1339 2498 1516 2577 Quod
1563 2517 1707 2564 cum
1746 2499 1955 2566 salute
1999 2500 2133 2565 eius
2175 2499 2316 2580 fiat,
2371 2502 2466 2566 ita
2506 2519 2575 2567 se
2618 2502 2726 2566 de-

1768 2612 2056 2696 fetigarit
2104 2614 2271 2680 velm
2317 2667 2330 2681 .
2381 2665 2397 2681 .
2440 2664 2456 2681 .
2498 2665 2514 2682 .

928 2775 958 2806 „
1130 2729 1271 2792 681.
1315 2726 1417 2792 Ita
1453 2726 1640 2791 velim
1685 2745 1785 2792 me
1827 2733 2296 2808 promerentem
2340 2747 2515 2795 ames
2562 2781 2573 2792 .
2624 2780 2637 2792 .

927 2891 960 2924 ‚‚
1129 2844 1272 2907 532.
1317 2840 1477 2920 Vah,
1532 2859 1721 2923 quam
1763 2840 1994 2907 vellem
2037 2844 2230 2909 etiam
2272 2849 2462 2911 noctu
2507 2843 2726 2908 amicis

1819 2974 2076 3038 operam
2128 2962 2301 3022 esset
2342 2957 2513 3026 dari!

669 3068 866 3149 ,Nolo‘
909 3068 1026 3134 hoc
1068 3064 1251 3132 modo
1293 3067 1585 3148 ponitur:

834 3180 1030 3246 Andr.
1076 3182 1215 3244 819.
1263 3179 1366 3244 Me
1407 3181 1552 3247 nolo
1592 3181 1658 3244 in
1702 3187 1988 3263 tempore
2032 3181 2149 3248 hoc
2192 3182 2407 3248 videat
2446 3201 2661 3250 senex,

833 3296 992 3361 Eun.
1039 3295 1160 3359 906
1205 3312 1298 3376 sq.
1340 3292 1502 3360 Nolo
1531 3295 1726 3359 mein
1748 3295 1849 3360 via
1885 3295 1895 3380 Ι
1934 3295 2091 3361 Cum
2134 3296 2253 3363 hac
2284 3304 2463 3364 veste
2492 3299 2724 3366 videat.

832 3409 1066 3476 Heaut.
1109 3409 1250 3476 701.
1297 3408 1459 3487 Quin
1505 3409 1646 3474 nolo
1690 3410 2001 3476 mentiare
2022 3412 2093 3494 ³).

645 3561 699 3627 1)
742 3558 833 3614 Sic
871 3557 1034 3612 huius
1071 3571 1264 3612 versus
1299 3555 1536 3626 priorem
1586 3563 1807 3626 partem
1850 3557 2257 3615 restituendam
2310 3575 2430 3615 esse
2482 3560 2725 3616 editores

502 3661 863 3722 consentiunt
918 3664 1145 3730 praeter
1201 3659 1714 3729 Umpfenbachium‚
1779 3660 1872 3728 qui
1930 3677 2145 3717 crucem
2201 3662 2464 3731 praefixit
2517 3662 2725 3718 litteris

502 3764 789 3821 codicibus
825 3761 1057 3820 traditis
1097 3761 1408 3831 ,visabisti‘.
1482 3763 1626 3817 Num
1663 3763 1878 3830 reliqua
1928 3768 2081 3818 recte
2126 3763 2242 3819 sint
2278 3771 2508 3834 sanata,
2572 3765 2727 3822 dubi-

492 3866 632 3925 'tare
670 3867 821 3923 licet.

643 3973 700 4040 2)
739 3970 824 4025 De
864 3967 1299 4038 interpungendi
1335 3968 1500 4024 huius
1538 3984 1733 4024 versus
1752 3969 1971 4024 ratione
1998 3967 2055 4023 id
2081 3969 2331 4024 conferas
2356 3968 2539 4038 velim,
2580 3970 2726 4038 quod

499 4073 648 4129 inf-ra
680 4072 738 4127 in
787 4069 1098 4127 enuntiatis
1157 4068 1624 4126 condicionalibus
1678 4069 1994 4126 tractandis
2048 4071 2423 4141 exposuimus3
2480 4072 2579 4126 sed
2634 4071 2724 4126 hic

498 4188 722 4230 monere
762 4189 870 4228 non
909 4172 1234 4241 omittimus,
1274 4176 1490 4227 ceteros
1517 4172 1700 4241 stocos,
1757 4171 1955 4239 quibus
1998 4170 2175 4227 forma
2213 4172 2331 4243 ,vis‘
2372 4171 2723 4228 coniunctivo

499 4276 686 4334 soluto
725 4275 950 4331 adiecta
978 4274 1274 4345 reperitur,
1319 4289 1506 4329 omnes
1530 4273 2033 4344 interrogationem
2060 4275 2344 4343 praebere.

643 4381 700 4446 3)
741 4377 1067 4449 ,mentiaris‘
1107 4393 1229 4433 cum
1268 4378 1423 4432 codd.
1461 4376 1871 4446 Umpfenbach3
1914 4376 1985 4432 cf.
2024 4375 2402 4448 Engelbrecht
2439 4375 2477 4434 1.
2517 4376 2552 4430 1.
2582 4376 2726 4446 p.84

497 4483 568 4542 de
604 4483 781 4541 forma
816 4481 1070 4542 breviore
1095 4480 1423 4552 ‚mentiare‘.
