3300 4984
1456 349 1870 414 *¹72-

544 526 859 593 rationem
899 524 1170 604 finalem,
1228 542 1353 606 qua
1396 523 1518 590 duo
1560 523 1754 590 verba
1797 524 1968 590 inter
2023 542 2095 590 se
2148 523 2489 590 cohaerere
2534 522 2759 606 aliquis

544 641 796 722 dixerit,
841 644 975 706 tam
1018 637 1303 718 exiguam
1349 656 1488 704 esse
1531 645 2025 704 consentaneum
2062 643 2179 719 est,
2248 645 2323 705 ut
2364 637 2583 705 eodem
2624 637 2792 704 fere.

543 756 681 821 iure
725 752 1190 821 coniunctiones
1214 750 1608 832 copulativae
1632 757 2037 832 usurpentur.
2124 751 2347 834 Neque
2384 769 2759 834 quemquam

544 887 685 935 esse
727 871 902 951 put0,
961 864 1070 947 qui
1111 870 1320 946 neget,
1384 863 1600 930 futuro
1666 863 1803 944 ,ibo’
1868 864 2143 931 alterum
2203 864 2487 932 futurum
2555 864 2761 930 minus

541 989 692 1066 apte
734 982 925 1062 adici,
989 999 1112 1064 quo
1169 979 1318 1063 quid
1359 979 1644 1046 facturus
1687 981 1803 1046 sim
1845 979 2177 1062 indicatur,
2234 997 2422 1062 quam
2476 980 2761 1046 enuntia-

540 1104 678 1165 tum
723 1095 931 1173 finale,
974 1113 1098 1178 quo
1139 1112 1326 1177 quem
1370 1092 1451 1158 ad
1492 1092 1683 1159 finem
1724 1094 1931 1160 iturus
1972 1094 2112 1176 sim,
2158 1094 2563 1176 exprimatur.
2636 1094 2759 1160 Ubi

541 1217 717 1277 certe
757 1211 1068 1276 rationem
1112 1207 1364 1273 finalem
1407 1213 1597 1290 poeta
1617 1206 1957 1274 ostendere
1986 1208 2203 1288 voluit,
2248 1207 2373 1274 alia
2395 1211 2757 1275 structurae

537 1327 740 1394 forma
783 1345 928 1392 eum
968 1344 1153 1390 usum
1197 1343 1336 1390 esse
1377 1323 1679 1390 videmus.
1766 1324 2058 1406 (Omnino
2119 1344 2243 1392 non
2296 1325 2379 1391 ad
2422 1327 2756 1408 parataxin

537 1441 792 1507 finalem
831 1439 1115 1505 revocari
1155 1455 1340 1520 posse
1386 1436 1719 1519 apparebit
1759 1437 1899 1504 illos
1958 1439 2126 1505 locos
2168 1457 2207 1504 a
2248 1439 2756 1507 Weissenhomio

537 1555 766 1644 allatos
781 1604 796 1635 ‚
868 1550 1091 1636 quibus
1145 1551 1588 1633 imperativum
1646 1551 1969 1636 (sequere)
2028 1553 2289 1618 alterius
2333 1552 2509 1619 verbi
2554 1553 2755 1620 forma

537 1668 737 1736 futuri
771 1667 1078 1749 sequitur,
1123 1666 1298 1732 velut
1339 1664 1566 1730 Bacch.
1591 1666 1733 1731 877.
1802 1666 2121 1748 ,Sequere,
2162 1667 2219 1733 is
2245 1667 2579 1749 promittet
2599 1666 2753 1749 tibi‘,

535 1783 643 1852 ubi
682 1783 848 1850 ratio
888 1780 1094 1846 finalis
1133 1780 1306 1844 nulla
1347 1779 1717 1858 invenitur).

701 1897 911 1962 Unum
952 1895 1158 1960 locum
1201 1898 1273 1958 ut
1314 1891 1654 1959 afferamus
1694 1897 1918 1974 restat,
1988 1913 2113 1976 quo
2154 1896 2439 1961 consulto
2480 1897 2753 1962 fortasse

533 2011 871 2078 Terentius
915 2009 1001 2086 ab
1040 2009 1275 2074 usitato
1310 2024 1543 2089 genere
1587 2007 1835 2073 dicendi
1876 2007 2174 2075 recessit:
2844 1993 2855 2006 ’

866 2121 1134 2204 Adelph.
1178 2123 1259 2187 86
1301 2139 1392 2204 sq.
1435 2119 1598 2186 Nam
1644 2121 1754 2187 illa
1794 2140 1957 2204 quae
2002 2121 2270 2190 antehac
2307 2123 2478 2190 facta
2518 2131 2665 2192 sunt

953 2235 1224 2301 Omitto:
1267 2233 1451 2300 modo
1493 2233 1641 2316 quid
1684 2233 2102 2315 dissignavit?

532 2355 624 2421 Ut
665 2353 858 2420 verba
926 2352 1054 2433 ,illa
1115 2369 1278 2434 quae
1323 2349 1590 2417 antehac
1647 2350 1819 2417 facta
1878 2355 2047 2419 sunt‘
2120 2354 2319 2436 magis
2384 2355 2747 2440 efferantur,

527 2469 928 2535 enuntiatum
969 2466 1338 2547 primarium
1381 2464 1654 2546 ponitur,
1712 2464 1991 2548 vulgaris
2032 2466 2200 2534 illius
2226 2459 2571 2536 ¹locutionis
2614 2473 2748 2538 vice

526 2589 620 2663 ‚ut
668 2633 681 2647 .
731 2632 745 2646 .
793 2635 806 2648 .
851 2581 1177 2647 omittam‘.
1265 2577 1566 2644 Conferas
1609 2557 1799 2645 velim

495 2695 498 2699 ’
859 2694 1018 2762 Eun.
1063 2694 1206 2758 926.
1253 2690 1417 2757 Nam
1458 2698 1530 2757 ut
1572 2691 1823 2758 mittam
1870 2744 1883 2756 .
1932 2742 1946 2756 .
1994 2743 2009 2760 .
2055 2745 2070 2761 .

859 2807 1110 2872 Phorm.
1159 2807 1296 2872 168.
1344 2805 1434 2871 Ut
1475 2824 1556 2870 ne
1599 2805 1829 2872 addam
1872 2857 1887 2873 .
1933 2857 1947 2871 .
1995 2857 2008 2870 .
2052 2859 2068 2874 .

1428 3097 1846 3106 ———.——

689 3376 951 3457 Saepius
993 3393 1182 3457 quam
1226 3375 1291 3440 in
1351 3375 1697 3441 enuntiatis
1752 3375 2041 3442 finalibus
2096 3377 2419 3459 parataxis
2470 3379 2745 3445 occurrit

520 3490 586 3556 in
644 3491 757 3555 eis.
801 3490 1270 3556 enuntiatorum
1333 3489 1727 3586 generibus,—
1762 3489 1868 3556 ubi
1933 3509 2123 3557 causa
2185 3471 2307 3558 non
2368 3493 2433 3556 in
2495 3492 2742 3579 homine

521 3603 738 3686 agenti
777 3605 984 3686 posita
1051 3612 1169 3680 est,
1241 3604 1352 3669 sed
1415 3605 1552 3685 ipso
1615 3606 2077 3671 sententiarum
2139 3625 2303 3672 nexu
2366 3608 2741 3675 continetur.

521 3717 709 3784 Haud
752 3734 898 3784 raro
941 3717 1108 3782 enim
1164 3717 1286 3783 duo
1345 3718 1695 3798 enuntiata,
1762 3736 1924 3801 quae
1984 3719 2219 3785 causali
2271 3719 2519 3788 ratione
2572 3723 2745 3788 inter

517 3851 587 3898 se
645 3831 1126 3912 coniunguntur,
1197 3832 1585 3912 paratactica
1639 3837 1963 3899 structura
2017 3833 2111 3899 ita
2151 3853 2389 3900 conexa
2430 3840 2599 3915 sunt,
2670 3842 2742 3902 ut

517 3946 712 4012 certis
753 3945 1082 4028 particulis
1124 3950 1236 4010 aut
1293 3945 1759 4026 pronominibus
1818 3947 2280 4013 sententiarum
2333 3966 2530 4014 nexus
2581 3948 2738 4015 indi-

517 4064 719 4126 cetur.
805 4059 1027 4125 Potest
1069 4064 1294 4132 autem,
1325 4061 1741 4140 enuntiatum,
1808 4078 1931 4143 quo
1982 4079 2173 4127 causa
2228 4063 2605 4147 continetur,
2674 4070 2742 4131 et

516 4172 899 4239 antecedere
945 4177 1012 4238 et
1053 4173 1250 4254 sequi,
1315 4178 1388 4238 ut
1440 4172 1593 4238 illae
1648 4173 2003 4254 particulae
2059 4180 2127 4241 et
2180 4176 2547 4256 pronomina
2600 4197 2741 4244 mox
2776 4254 2779 4259 ,

513 4287 711 4368 priori
753 4305 896 4353 mox
941 4286 1275 4367 posteriori
1321 4289 1648 4353 enuntiato
1694 4286 2027 4353 addantur.
2115 4289 2182 4355 Si
2222 4289 2416 4371 priori
2451 4292 2740 4374 apposita

511 4406 665 4469 sunt
703 4406 778 4488 et·
811 4398 892 4465 ad
936 4419 1030 4482 ea,
1075 4417 1237 4484 quae
1257 4405 1631 4482 sequuntur,
1676 4405 1992 4485 spectant,
2036 4401 2310 4469 alterum
2338 4403 2736 4474 enuntiatum
