3300 4984
1421 365 1839 429 ..99-

851 559 951 626 op.
994 540 1078 623 Π,
1121 543 1181 621 3,
1219 543 1346 606 439
1381 558 1514 623 sqq.
1559 538 1791 605 Melius
1832 543 1899 606 te
1940 555 2124 620 posse
2167 554 2437 620 negares

934 655 1046 722 Bis
1087 660 1314 737 terque
1357 658 1687 737 expertum
1728 652 1987 733 frustra,
2027 651 2244 718 delere
2286 649 2544 717 iubebat

935 773 1023 840 Et
1063 773 1231 838 male
1270 777 1555 839 tornatos
1597 771 1810 837 incudi
1845 768 2115 837 reddere
2157 786 2399 836 versus.

676 887 876 954 Porro
915 885 999 952 ad
1057 885 1392 969 parataxin
1447 883 1935 954 condicionalem
1986 881 2340 950 revocanda
2392 900 2530 948 esse
2587 900 2731 949 cen-

511 1022 726 1072 semus
763 1023 844 1072 ea
884 1003 1190 1086 exempla,
1253 1001 1363 1069 ubi
1404 1002 1781 1085 particulam
1838 1000 2059 1083 ‚modo‘
2114 998 2508 1067 coniunctivo
2553 995 2732 1063 verbi

509 1118 822 1186 adiectam
861 1118 1252 1201 reperimus:

843 1233 1074 1300 Heaut.
1119 1232 1258 1299 981.
1339 1230 1527 1299 Modo
1568 1230 1760 1297 liceat
1798 1229 2013 1296 vivere
2026 1279 2043 1310 ,
2099 1233 2201 1294 est
2243 1245 2389 1310 spes
2434 1276 2449 1292 .
2492 1278 2509 1296 .
2556 1277 2569 1291 .
2614 1244 2729 1294 nos

1946 1343 2297 1411 esurituros
2336 1341 2513 1410 satis.

839 1460 1002 1526 Eun.
1045 1461 1171 1526 889
1211 1477 1303 1541 sq.
1350 1457 1449 1524 Ah
1493 1457 1683 1540 volet,
1729 1461 1905 1524 certo
1945 1457 2091 1536 scio,

927 1573 1094 1640 Civis
1138 1571 1321 1637 modo
1362 1570 1520 1638 haec
1563 1571 1668 1638 sit.

505 1686 675 1753 Satis
715 1684 966 1768 quidem
1014 1690 1264 1753 constat
1312 1685 1688 1768 particulam
1741 1682 1964 1764 ‚modo‘
2024 1682 2474 1750 coniunctionis
2514 1682 2724 1749 condi-

499 1799 757 1866 cionalis
798 1799 925 1865 vim
969 1797 1222 1879 habere,
1265 1797 1380 1864 sed
1424 1798 1586 1863 hanc
1623 1797 1827 1879 ipsam
1870 1815 1947 1862 ex
1990 1797 2309 1877 parataxis
2354 1815 2473 1864 usu
2515 1802 2722 1864 ortam
2752 1849 2763 1858 ,

503 1923 644 1980 esse
685 1911 866 1980 nobis
907 1911 1355 1996 persuasimus.
1442 1911 1650 1994 Atque
1695 1910 1812 1976 hoc
1856 1898 2115 1992 probari
2150 1910 2404 1977 videtur
2438 1911 2724 1993 inprimis

497 2027 576 2094 iis
618 2027 788 2108 locis,
845 2025 1073 2109 quibus
1127 2026 1240 2092 illa
1292 2044 1411 2092 vox
1463 2024 1857 2108 imperativis
1894 2023 2225 2092 enuntiati
2280 2024 2722 2092 condicionalis

494 2141 632 2208 loco
672 2141 894 2223 positis
934 2139 1225 2207 additur:

835 2255 994 2322 Eun.
1041 2257 1162 2322 308
1199 2273 1291 2338 sq.
1340 2254 1669 2336 ‚Chaerea‚
1712 2253 1948 2336 aliquid
1986 2253 2198 2319 inveni
2574 2327 2577 2332 ,

921 2368 1108 2435 Modo
1151 2369 1313 2451 quod
1358 2387 1560 2435 ames:
1606 2369 1673 2433 in
1716 2386 1793 2434 ea
1833 2385 1907 2433 re
1949 2367 2295 2434 utilitatem
2339 2385 2456 2448 ego
2492 2367 2719 2434 faciam

1785 2487 1856 2548 ut
1895 2500 2231 2563 cognoscas
2280 2500 2503 2548 meam.

830 2595 1026 2662 Andr.
1071 2597 1196 2662 684
1233 2614 1328 2678 sq.
1369 2596 1414 2662 J
1414 2615 1517 2662 am
1560 2595 1669 2662 ubi
1712 2596 1820 2663 ubi
1862 2596 2019 2674 erit,
2091 2595 2418 2663 inventum
2461 2594 2575 2663 tibi
2612 2615 2718 2664 cu-

1559 2709 1713 2775 rabo
1766 2715 1833 2775 et
1878 2728 2125 2776 mecum
2163 2707 2506 2776 adductum

918 2824 1116 2891 Tuom
1158 2823 1588 2905 Pamphilum:
1673 2824 1857 2891 modo
1900 2830 1991 2904 tu,
2059 2825 2267 2890 anime
2308 2824 2412 2906 mi,
2476 2824 2606 2892 noli
2647 2829 2715 2892 te

2156 2957 2501 3007 macerare.

496 3053 588 3120 Ut
623 3051 723 3118 his
769 3049 1011 3117 duobus
1053 3051 1204 3117 locis
1255 3050 1475 3130 ‚modo‘
1532 3051 1925 3134 imperativis
1980 3051 2331 3134 particulae
2385 3053 2568 3134 quasi
2609 3071 2713 3120 ex-

492 3166 848 3232 hortativae
891 3164 1027 3232 loco
1068 3164 1384 3230 adiectum
1427 3170 1543 3246 est,
1586 3166 1680 3231 ita
1722 3166 2003 3247 optativo
2042 3204 2124 3214 —-
2172 3168 2348 3233 cuius
2392 3167 2530 3233 vice
2572 3166 2712 3256 fun-

491 3282 666 3363 gitur
708 3280 1139 3346 coniunctivus
1183 3316 1262 3326 -
1304 3264 1561 3345 additui·
1589 3279 1743 3345 locis
1771 3297 1964 3361 supra
1985 3279 2216 3347 allatis.
2303 3280 2461 3347 Aliis
2495 3287 2710 3349 autem

491 3395 664 3474 locis,
734 3392 844 3459 ubi
905 3399 1232 3460 structura
1291 3393 1715 3476 hypotactica‚
1789 3411 1950 3474 quae
2012 3392 2380 3460 iamdudum
2448 3395 2709 3462 Terenti

489 3513 707 3575 aetate
751 3506 1108 3579 evalescere
1131 3513 1448 3589 coeperat,
1491 3506 1773 3574 adhibita
1802 3513 1918 3588 est,
1964 3507 2275 3590 particula
2302 3509 2487 3575 modo
2517 3529 2710 3578 enun-
2789 3539 2793 3544 ·

490 3621 666 3690 tiatis
707 3619 1230 3690 condicionalibus
1271 3622 1574 3688 inseritur
1616 3621 2149 3689 coniunctionibus
2190 3622 2457 3706 adiecta,
2497 3626 2706 3692 velut:

821 3735 1090 3819 Adelph.
1129 3738 1271 3803 202.
1350 3737 1488 3820 Age
1551 3737 1681 3802 iam
1742 3736 1941 3818 cupio,
2008 3737 2064 3802 si
2122 3717 2307 3804 modo
2368 3744 2707 3820 argentum
2830 3729 2836 3732 ’

2243 3850 2489 3918 reddat.

907 4013 942 4048 „
1113 3965 1255 4032 205.
1297 3963 1371 4030 Id
1414 3972 1661 4047 quoque
1713 3982 1969 4046 possum
2009 3963 2199 4046 ferre,
2242 3963 2425 4032 modo
2465 3965 2523 4032 si
2563 3966 2707 4033 red-

2194 4081 2307 4148 dat
2350 4133 2365 4150 .
2408 4130 2427 4148 .
2474 4131 2490 4150 .

818 4193 979 4261 Eun.
1024 4195 1167 4261 320.
1213 4194 1360 4260 Mea
1395 4194 1484 4260 nil
1524 4213 1597 4260 re
1638 4195 1789 4276 fert,
1830 4196 1983 4263 dum
2026 4196 2234 4279 potiar
2274 4197 2475 4264 modo.

819 4308 1054 4375 Heaut.
1069 4311 1190 4375 465
1203 4326 1294 4392 sq.
1313 4309 1534 4376 Sumat
1549 4316 1876 4377 consumat
1889 4310 2136 4394 perdat,
2148 4312 2537 4380 decretumst
2547 4313 2700 4400 pati,

905 4421 1075 4496 Dum
1114 4421 1296 4496 illum
1335 4422 1521 4492 modo
1563 4422 1831 4494 habeam
1870 4443 2137 4495 mecum.
2238 4527 2269 4565 ·

2185 4530 2218 4590 Ί
