<?xml version="1.0" encoding="UTF-8"?>
<!DOCTYPE html PUBLIC "-//W3C//DTD XHTML 1.0 Transitional//EN"
    "http://www.w3.org/TR/xhtml1/DTD/xhtml1-transitional.dtd">
<html xmlns="http://www.w3.org/1999/xhtml" xml:lang="en" lang="en">
 <head>
  <title>
</title>
<meta http-equiv="Content-Type" content="text/html;charset=utf-8" />
  <meta name='ocr-system' content='tesseract 3.04.00' />
  <meta name='ocr-capabilities' content='ocr_page ocr_carea ocr_par ocr_line ocrx_word'/>
</head>
<body>
  <div class='ocr_page' id='page_1' title='image "./deparataxisinte00wenigoog_0013.png"; bbox 0 0 3300 4984; ppageno 0'>
   <div class='ocr_carea' id='block_1_1' title="bbox 1380 359 1751 423">
    <p class='ocr_par' dir='ltr' id='par_1_1' title="bbox 1380 359 1751 423">
     <span class='ocr_line' id='line_1_1' title="bbox 1380 359 1751 423; baseline 0 -16"><span class='ocrx_word' id='word_1_1' title='bbox 1380 359 1751 423; x_wconf 83' lang='grc'><strong>...9.-</strong></span> 
     </span>
    </p>
   </div>
   <div class='ocr_carea' id='block_1_2' title="bbox 469 537 2681 624">
    <p class='ocr_par' dir='ltr' id='par_1_2' title="bbox 469 537 2681 624">
     <span class='ocr_line' id='line_1_2' title="bbox 469 537 2681 624; baseline 0 -17"><span class='ocrx_word' id='word_1_2' title='bbox 469 542 849 624; x_wconf 85' lang='lat' dir='ltr'><strong>scriptorum</strong></span> <span class='ocrx_word' id='word_1_3' title='bbox 908 540 1169 607; x_wconf 81' lang='lat' dir='ltr'><strong>Terenti</strong></span> <span class='ocrx_word' id='word_1_4' title='bbox 1221 538 1555 607; x_wconf 84' lang='lat' dir='ltr'><strong>comoediis</strong></span> <span class='ocrx_word' id='word_1_5' title='bbox 1607 537 1880 606; x_wconf 86' lang='lat' dir='ltr'><strong>conferri</strong></span> <span class='ocrx_word' id='word_1_6' title='bbox 1947 538 2127 622; x_wconf 89' lang='lat' dir='ltr'><strong>licet)</strong></span> <span class='ocrx_word' id='word_1_7' title='bbox 2181 538 2333 605; x_wconf 88' lang='lat' dir='ltr'><strong>locis</strong></span> <span class='ocrx_word' id='word_1_8' title='bbox 2388 539 2609 623; x_wconf 86' lang='lat' dir='ltr'><strong>viginti</strong></span> <span class='ocrx_word' id='word_1_9' title='bbox 2631 542 2681 623; x_wconf 83' lang='lat'><strong>²)</strong></span> 
     </span>
    </p>
   </div>
   <div class='ocr_carea' id='block_1_3' title="bbox 437 652 2685 738">
    <p class='ocr_par' dir='ltr' id='par_1_3' title="bbox 437 652 2685 738">
     <span class='ocr_line' id='line_1_3' title="bbox 437 652 2685 738; baseline 0 -18"><span class='ocrx_word' id='word_1_10' title='bbox 437 653 734 722; x_wconf 85' lang='lat' dir='ltr'><strong>·f0rmam</strong></span> <span class='ocrx_word' id='word_1_11' title='bbox 789 655 1035 738; x_wconf 89' lang='lat' dir='ltr'><strong>,inquit‘</strong></span> <span class='ocrx_word' id='word_1_12' title='bbox 1053 706 1071 736; x_wconf 94' lang='lat'><strong>,</strong></span> <span class='ocrx_word' id='word_1_13' title='bbox 1124 655 1340 721; x_wconf 86' lang='lat' dir='ltr'><strong>novies</strong></span> <span class='ocrx_word' id='word_1_14' title='bbox 1361 655 1416 738; x_wconf 87' lang='lat'><strong>2)</strong></span> <span class='ocrx_word' id='word_1_15' title='bbox 1467 654 1634 736; x_wconf 89' lang='lat' dir='ltr'><strong>apud</strong></span> <span class='ocrx_word' id='word_1_16' title='bbox 1690 653 1901 734; x_wconf 91' lang='lat' dir='ltr'><strong>illum,</strong></span> <span class='ocrx_word' id='word_1_17' title='bbox 1966 652 2164 719; x_wconf 83' lang='lat' dir='ltr'><strong>octies</strong></span> <span class='ocrx_word' id='word_1_18' title='bbox 2186 653 2239 738; x_wconf 75' lang='grc'><strong>3)</strong></span> <span class='ocrx_word' id='word_1_19' title='bbox 2296 654 2463 735; x_wconf 88' lang='lat' dir='ltr'><strong>apud</strong></span> <span class='ocrx_word' id='word_1_20' title='bbox 2517 655 2685 721; x_wconf 87' lang='lat' dir='ltr'><strong>hunc</strong></span> 
     </span>
    </p>
   </div>
   <div class='ocr_carea' id='block_1_4' title="bbox 469 767 2697 2681">
    <p class='ocr_par' dir='ltr' id='par_1_4' title="bbox 469 767 2691 1993">
     <span class='ocr_line' id='line_1_4' title="bbox 473 767 2681 852; baseline 0 -17"><span class='ocrx_word' id='word_1_21' title='bbox 473 769 740 837; x_wconf 84' lang='lat' dir='ltr'><strong>formam</strong></span> <span class='ocrx_word' id='word_1_22' title='bbox 795 771 1087 852; x_wconf 85' lang='lat' dir='ltr'><strong>,inquam‘</strong></span> <span class='ocrx_word' id='word_1_23' title='bbox 1141 769 1409 835; x_wconf 84' lang='lat' dir='ltr'><strong>orationi</strong></span> <span class='ocrx_word' id='word_1_24' title='bbox 1460 774 1678 834; x_wconf 85' lang='lat' dir='ltr'><strong>rectae</strong></span> <span class='ocrx_word' id='word_1_25' title='bbox 1746 769 2053 834; x_wconf 79' lang='lat' dir='ltr'><strong>insertam</strong></span> <span class='ocrx_word' id='word_1_26' title='bbox 2107 767 2211 833; x_wconf 85' lang='lat' dir='ltr'><strong>vel</strong></span> <span class='ocrx_word' id='word_1_27' title='bbox 2268 771 2681 851; x_wconf 80' lang='lat' dir='ltr'><strong>postpositam</strong></span> 
     </span>
     <span class='ocr_line' id='line_1_5' title="bbox 469 880 2683 966; baseline 0.001 -18"><span class='ocrx_word' id='word_1_28' title='bbox 469 885 756 950; x_wconf 89' lang='lat' dir='ltr'><strong>inveniri.</strong></span> <span class='ocrx_word' id='word_1_29' title='bbox 854 883 1204 950; x_wconf 87' lang='lat' dir='ltr'><strong>Praeterea</strong></span> <span class='ocrx_word' id='word_1_30' title='bbox 1264 884 1466 950; x_wconf 83' lang='lat' dir='ltr'><strong>forma</strong></span> <span class='ocrx_word' id='word_1_31' title='bbox 1523 884 1815 965; x_wconf 88' lang='lat' dir='ltr'><strong>,inquam‘</strong></span> <span class='ocrx_word' id='word_1_32' title='bbox 1871 881 2169 947; x_wconf 87' lang='lat' dir='ltr'><strong>undecies</strong></span> <span class='ocrx_word' id='word_1_33' title='bbox 2186 880 2240 966; x_wconf 84' lang='lat'><strong>⁴)</strong></span> <span class='ocrx_word' id='word_1_34' title='bbox 2297 900 2336 947; x_wconf 87' lang='lat' dir='ltr'><strong>a</strong></span> <span class='ocrx_word' id='word_1_35' title='bbox 2387 883 2683 950; x_wconf 91' lang='lat' dir='ltr'><strong>Terentio</strong></span> 
     </span>
     <span class='ocr_line' id='line_1_6' title="bbox 473 995 2685 1080; baseline 0 -16"><span class='ocrx_word' id='word_1_36' title='bbox 473 998 734 1079; x_wconf 85' lang='lat' dir='ltr'><strong>singulis</strong></span> <span class='ocrx_word' id='word_1_37' title='bbox 775 997 986 1064; x_wconf 86' lang='lat' dir='ltr'><strong>verbis</strong></span> <span class='ocrx_word' id='word_1_38' title='bbox 1026 997 1296 1064; x_wconf 86' lang='lat' dir='ltr'><strong>adicitur</strong></span> <span class='ocrx_word' id='word_1_39' title='bbox 1311 1047 1328 1077; x_wconf 93' lang='lat'><strong>,</strong></span> <span class='ocrx_word' id='word_1_40' title='bbox 1375 1013 1538 1080; x_wconf 89' lang='lat' dir='ltr'><strong>quae</strong></span> <span class='ocrx_word' id='word_1_41' title='bbox 1579 1014 1722 1063; x_wconf 88' lang='lat' dir='ltr'><strong>cum</strong></span> <span class='ocrx_word' id='word_1_42' title='bbox 1770 995 2201 1078; x_wconf 78' lang='lat' dir='ltr'><strong>indignatione</strong></span> <span class='ocrx_word' id='word_1_43' title='bbox 2252 996 2522 1079; x_wconf 87' lang='lat' dir='ltr'><strong>quadam</strong></span> <span class='ocrx_word' id='word_1_44' title='bbox 2563 998 2685 1064; x_wconf 88' lang='lat' dir='ltr'><strong>ite-</strong></span> 
     </span>
     <span class='ocr_line' id='line_1_7' title="bbox 473 1110 2684 1195; baseline 0.002 -19"><span class='ocrx_word' id='word_1_45' title='bbox 473 1117 724 1190; x_wconf 85' lang='lat' dir='ltr'><strong>rantur,</strong></span> <span class='ocrx_word' id='word_1_46' title='bbox 771 1118 839 1178; x_wconf 90' lang='lat' dir='ltr'><strong>et</strong></span> <span class='ocrx_word' id='word_1_47' title='bbox 879 1112 1077 1178; x_wconf 87' lang='lat' dir='ltr'><strong>octies</strong></span> <span class='ocrx_word' id='word_1_48' title='bbox 1099 1113 1153 1195; x_wconf 71' lang='grc'><strong>5)</strong></span> <span class='ocrx_word' id='word_1_49' title='bbox 1211 1129 1354 1177; x_wconf 90' lang='lat' dir='ltr'><strong>cum</strong></span> <span class='ocrx_word' id='word_1_50' title='bbox 1390 1111 1767 1193; x_wconf 86' lang='lat' dir='ltr'><strong>imperativo</strong></span> <span class='ocrx_word' id='word_1_51' title='bbox 1812 1110 2211 1194; x_wconf 86' lang='lat' dir='ltr'><strong>coniungitur</strong></span> <span class='ocrx_word' id='word_1_52' title='bbox 2226 1163 2241 1192; x_wconf 93' lang='lat'><strong>,</strong></span> <span class='ocrx_word' id='word_1_53' title='bbox 2299 1117 2373 1180; x_wconf 90' lang='lat' dir='ltr'><strong>ut</strong></span> <span class='ocrx_word' id='word_1_54' title='bbox 2414 1114 2547 1178; x_wconf 90' lang='lat' dir='ltr'><strong>eius</strong></span> <span class='ocrx_word' id='word_1_55' title='bbox 2589 1114 2684 1180; x_wconf 89' lang='lat' dir='ltr'><strong>vis</strong></span> 
     </span>
     <span class='ocr_line' id='line_1_8' title="bbox 475 1225 2685 1312; baseline 0.001 -20"><span class='ocrx_word' id='word_1_56' title='bbox 475 1225 799 1293; x_wconf 85' lang='lat' dir='ltr'><strong>efferatur.</strong></span> <span class='ocrx_word' id='word_1_57' title='bbox 883 1225 1156 1308; x_wconf 81' lang='lat' dir='ltr'><strong>Singulis</strong></span> <span class='ocrx_word' id='word_1_58' title='bbox 1199 1231 1450 1292; x_wconf 85' lang='lat' dir='ltr'><strong>tantum</strong></span> <span class='ocrx_word' id='word_1_59' title='bbox 1492 1225 1645 1292; x_wconf 86' lang='lat' dir='ltr'><strong>locis</strong></span> <span class='ocrx_word' id='word_1_60' title='bbox 1688 1232 2026 1292; x_wconf 82' lang='lat' dir='ltr'><strong>occurrunt</strong></span> <span class='ocrx_word' id='word_1_61' title='bbox 2064 1225 2307 1291; x_wconf 71' lang='lat' dir='ltr'><strong>formae</strong></span> <span class='ocrx_word' id='word_1_62' title='bbox 2348 1226 2593 1310; x_wconf 87' lang='lat' dir='ltr'><strong>,inquis‘</strong></span> <span class='ocrx_word' id='word_1_63' title='bbox 2612 1228 2685 1312; x_wconf 84' lang='lat'><strong>⁶),</strong></span> 
     </span>
     <span class='ocr_line' id='line_1_9' title="bbox 477 1337 2689 1424; baseline 0.002 -19"><span class='ocrx_word' id='word_1_64' title='bbox 477 1341 827 1424; x_wconf 87' lang='lat' dir='ltr'><strong>,inquimus‘</strong></span> <span class='ocrx_word' id='word_1_65' title='bbox 851 1341 939 1424; x_wconf 72' lang='lat'><strong>⁵¹),</strong></span> <span class='ocrx_word' id='word_1_66' title='bbox 987 1339 1268 1423; x_wconf 88' lang='lat' dir='ltr'><strong>,inquies‘</strong></span> <span class='ocrx_word' id='word_1_67' title='bbox 1297 1339 1349 1424; x_wconf 70' lang='grc' dir='ltr'><strong>Β)</strong></span> <span class='ocrx_word' id='word_1_68' title='bbox 1372 1389 1388 1419; x_wconf 85' lang='grc'><em>,</em></span> <span class='ocrx_word' id='word_1_69' title='bbox 1433 1339 1713 1421; x_wconf 87' lang='lat' dir='ltr'><strong>,inquiet‘</strong></span> <span class='ocrx_word' id='word_1_70' title='bbox 1737 1337 1811 1422; x_wconf 78' lang='lat'><strong>⁹),</strong></span> <span class='ocrx_word' id='word_1_71' title='bbox 1856 1339 2087 1406; x_wconf 88' lang='lat' dir='ltr'><strong>ceteris</strong></span> <span class='ocrx_word' id='word_1_72' title='bbox 2132 1340 2286 1407; x_wconf 80' lang='lat' dir='ltr'><strong>locis</strong></span> <span class='ocrx_word' id='word_1_73' title='bbox 2328 1341 2454 1407; x_wconf 86' lang='lat' dir='ltr'><strong>alia</strong></span> <span class='ocrx_word' id='word_1_74' title='bbox 2495 1342 2689 1409; x_wconf 87' lang='lat' dir='ltr'><strong>verba</strong></span> 
     </span>
     <span class='ocr_line' id='line_1_10' title="bbox 473 1451 2689 1538; baseline 0.002 -19"><span class='ocrx_word' id='word_1_75' title='bbox 473 1454 541 1520; x_wconf 93' lang='lat' dir='ltr'><strong>in</strong></span> <span class='ocrx_word' id='word_1_76' title='bbox 605 1471 823 1519; x_wconf 88' lang='lat' dir='ltr'><strong>earum</strong></span> <span class='ocrx_word' id='word_1_77' title='bbox 883 1453 1090 1520; x_wconf 90' lang='lat' dir='ltr'><strong>locum</strong></span> <span class='ocrx_word' id='word_1_78' title='bbox 1153 1451 1517 1520; x_wconf 88' lang='lat' dir='ltr'><strong>succedunt.</strong></span> <span class='ocrx_word' id='word_1_79' title='bbox 1623 1451 1883 1520; x_wconf 85' lang='lat' dir='ltr'><strong>Duobus</strong></span> <span class='ocrx_word' id='word_1_80' title='bbox 1947 1453 2100 1519; x_wconf 89' lang='lat' dir='ltr'><strong>locis</strong></span> <span class='ocrx_word' id='word_1_81' title='bbox 2163 1453 2561 1523; x_wconf 87' lang='lat' dir='ltr'><strong>Terentianis</strong></span> <span class='ocrx_word' id='word_1_82' title='bbox 2590 1459 2689 1538; x_wconf 83' lang='lat'><strong>²⁰),</strong></span> 
     </span>
     <span class='ocr_line' id='line_1_11' title="bbox 476 1566 2690 1650; baseline 0 -16"><span class='ocrx_word' id='word_1_83' title='bbox 476 1568 699 1650; x_wconf 90' lang='lat' dir='ltr'><strong>quibus</strong></span> <span class='ocrx_word' id='word_1_84' title='bbox 740 1567 923 1634; x_wconf 83' lang='lat' dir='ltr'><strong>alicui</strong></span> <span class='ocrx_word' id='word_1_85' title='bbox 968 1567 1193 1646; x_wconf 86' lang='lat' dir='ltr'><strong>verba,</strong></span> <span class='ocrx_word' id='word_1_86' title='bbox 1248 1586 1411 1650; x_wconf 89' lang='lat' dir='ltr'><strong>quae</strong></span> <span class='ocrx_word' id='word_1_87' title='bbox 1462 1567 1676 1634; x_wconf 85' lang='lat' dir='ltr'><strong>dicere</strong></span> <span class='ocrx_word' id='word_1_88' title='bbox 1720 1566 2002 1648; x_wconf 81' lang='lat' dir='ltr'><strong>iubetur,</strong></span> <span class='ocrx_word' id='word_1_89' title='bbox 2060 1567 2537 1637; x_wconf 81' lang='lat' dir='ltr'><strong>insusurrantur</strong></span> <span class='ocrx_word' id='word_1_90' title='bbox 2578 1572 2690 1636; x_wconf 90' lang='lat' dir='ltr'><strong>im-</strong></span> 
     </span>
     <span class='ocr_line' id='line_1_12' title="bbox 479 1681 2691 1764; baseline 0.002 -16"><span class='ocrx_word' id='word_1_91' title='bbox 479 1683 749 1764; x_wconf 86' lang='lat' dir='ltr'><strong>perativi</strong></span> <span class='ocrx_word' id='word_1_92' title='bbox 825 1682 1091 1748; x_wconf 80' lang='lat' dir='ltr'><strong>formam</strong></span> <span class='ocrx_word' id='word_1_93' title='bbox 1173 1683 1420 1764; x_wconf 74' lang='lat' dir='ltr'><strong>,inque‘⁴</strong></span> <span class='ocrx_word' id='word_1_94' title='bbox 1483 1682 1855 1748; x_wconf 80' lang='lat' dir='ltr'><strong>invenimus,</strong></span> <span class='ocrx_word' id='word_1_95' title='bbox 1967 1681 2337 1749; x_wconf 88' lang='lat' dir='ltr'><strong>Terentium</strong></span> <span class='ocrx_word' id='word_1_96' title='bbox 2405 1686 2691 1752; x_wconf 86' lang='lat' dir='ltr'><strong>variandi</strong></span> 
     </span>
     <span class='ocr_line' id='line_1_13' title="bbox 478 1795 2691 1880; baseline 0.001 -17"><span class='ocrx_word' id='word_1_97' title='bbox 478 1797 742 1880; x_wconf 88' lang='lat' dir='ltr'><strong>quodam</strong></span> <span class='ocrx_word' id='word_1_98' title='bbox 789 1797 1024 1864; x_wconf 76' lang='lat' dir='ltr'><strong>⁴studio</strong></span> <span class='ocrx_word' id='word_1_99' title='bbox 1089 1795 1433 1862; x_wconf 85' lang='lat' dir='ltr'><strong>adductum</strong></span> <span class='ocrx_word' id='word_1_100' title='bbox 1495 1814 1620 1863; x_wconf 91' lang='lat' dir='ltr'><strong>non</strong></span> <span class='ocrx_word' id='word_1_101' title='bbox 1681 1796 1953 1861; x_wconf 86' lang='lat' dir='ltr'><strong>veritum</strong></span> <span class='ocrx_word' id='word_1_102' title='bbox 2018 1814 2157 1862; x_wconf 87' lang='lat' dir='ltr'><strong>esse</strong></span> <span class='ocrx_word' id='word_1_103' title='bbox 2218 1815 2257 1861; x_wconf 89' lang='lat' dir='ltr'><strong>a</strong></span> <span class='ocrx_word' id='word_1_104' title='bbox 2325 1797 2511 1866; x_wconf 89' lang='lat' dir='ltr'><strong>solito</strong></span> <span class='ocrx_word' id='word_1_105' title='bbox 2574 1818 2691 1866; x_wconf 89' lang='lat' dir='ltr'><strong>usu</strong></span> 
     </span>
     <span class='ocr_line' id='line_1_14' title="bbox 477 1909 2146 1993; baseline 0.001 -17"><span class='ocrx_word' id='word_1_106' title='bbox 477 1911 821 1989; x_wconf 86' lang='lat' dir='ltr'><strong>discedere,</strong></span> <span class='ocrx_word' id='word_1_107' title='bbox 865 1928 1242 1992; x_wconf 83' lang='lat' dir='ltr'><strong>cognoscere</strong></span> <span class='ocrx_word' id='word_1_108' title='bbox 1286 1910 1435 1982; x_wconf 90' lang='lat' dir='ltr'><strong>licet</strong></span> <span class='ocrx_word' id='word_1_109' title='bbox 1479 1928 1556 1974; x_wconf 83' lang='lat' dir='ltr'><strong>ex</strong></span> <span class='ocrx_word' id='word_1_110' title='bbox 1593 1909 1844 1975; x_wconf 91' lang='lat' dir='ltr'><strong>Phorm.</strong></span> <span class='ocrx_word' id='word_1_111' title='bbox 1888 1912 2012 1975; x_wconf 87' lang='grc'><strong>865</strong></span> <span class='ocrx_word' id='word_1_112' title='bbox 2054 1929 2146 1993; x_wconf 88' lang='lat' dir='ltr'><strong>sq.</strong></span> 
     </span>
    </p>

    <p class='ocr_par' dir='ltr' id='par_1_5' title="bbox 768 2023 2690 2108">
     <span class='ocr_line' id='line_1_15' title="bbox 768 2023 2690 2108; baseline 0.002 -16"><span class='ocrx_word' id='word_1_113' title='bbox 768 2041 772 2046; x_wconf 86' lang='grc'><em>·</em></span> <span class='ocrx_word' id='word_1_114' title='bbox 813 2025 1156 2108; x_wconf 84' lang='lat' dir='ltr'><strong>,Sophrona</strong></span> <span class='ocrx_word' id='word_1_115' title='bbox 1208 2024 1390 2091; x_wconf 88' lang='lat' dir='ltr'><strong>modo</strong></span> <span class='ocrx_word' id='word_1_116' title='bbox 1460 2024 1726 2092; x_wconf 83' lang='lat' dir='ltr'><strong>fratrem</strong></span> <span class='ocrx_word' id='word_1_117' title='bbox 1795 2023 1938 2090; x_wconf 88' lang='lat' dir='ltr'><strong>huc‘</strong></span> <span class='ocrx_word' id='word_1_118' title='bbox 1993 2026 2198 2108; x_wconf 88' lang='lat' dir='ltr'><strong>inquit</strong></span> <span class='ocrx_word' id='word_1_119' title='bbox 2252 2028 2441 2105; x_wconf 87' lang='lat' dir='ltr'><strong>,senis</strong></span> <span class='ocrx_word' id='word_1_120' title='bbox 2495 2028 2690 2096; x_wconf 90' lang='lat' dir='ltr'><strong>intro-</strong></span> 
     </span>
    </p>

    <p class='ocr_par' dir='ltr' id='par_1_6' title="bbox 637 2139 2481 2338">
     <span class='ocr_line' id='line_1_16' title="bbox 1873 2139 2481 2224; baseline 0.005 -19"><span class='ocrx_word' id='word_1_121' title='bbox 1873 2139 2051 2205; x_wconf 83' lang='lat' dir='ltr'><strong>duxit</strong></span> <span class='ocrx_word' id='word_1_122' title='bbox 2092 2140 2481 2224; x_wconf 82' lang='lat' dir='ltr'><strong>Chremem‘3</strong></span> 
     </span>
     <span class='ocr_line' id='line_1_17' title="bbox 637 2253 2077 2338; baseline -0.004 -12"><span class='ocrx_word' id='word_1_123' title='bbox 637 2323 640 2326; x_wconf 78' lang='grc'>,</span> <span class='ocrx_word' id='word_1_124' title='bbox 817 2257 1103 2338; x_wconf 88' lang='lat' dir='ltr'><strong>Eumque</strong></span> <span class='ocrx_word' id='word_1_125' title='bbox 1145 2273 1308 2320; x_wconf 89' lang='lat' dir='ltr'><strong>nunc</strong></span> <span class='ocrx_word' id='word_1_126' title='bbox 1357 2272 1498 2320; x_wconf 84' lang='lat' dir='ltr'><strong>esse</strong></span> <span class='ocrx_word' id='word_1_127' title='bbox 1536 2253 1711 2319; x_wconf 88' lang='lat' dir='ltr'><strong>intus</strong></span> <span class='ocrx_word' id='word_1_128' title='bbox 1751 2271 1894 2320; x_wconf 90' lang='lat' dir='ltr'><strong>cum</strong></span> <span class='ocrx_word' id='word_1_129' title='bbox 1934 2254 2077 2320; x_wconf 81' lang='lat' dir='ltr'><strong>illis,</strong></span> 
     </span>
    </p>

    <p class='ocr_par' dir='ltr' id='par_1_7' title="bbox 482 2353 2697 2681">
     <span class='ocr_line' id='line_1_18' title="bbox 482 2353 2693 2449; baseline 0.001 -12"><span class='ocrx_word' id='word_1_130' title='bbox 482 2371 816 2437; x_wconf 83' lang='lat' dir='ltr'><strong>Transitur</strong></span> <span class='ocrx_word' id='word_1_131' title='bbox 873 2370 990 2436; x_wconf 91' lang='lat' dir='ltr'><strong>hoc</strong></span> <span class='ocrx_word' id='word_1_132' title='bbox 1047 2370 1181 2435; x_wconf 93' lang='lat' dir='ltr'><strong>loco</strong></span> <span class='ocrx_word' id='word_1_133' title='bbox 1238 2353 1446 2435; x_wconf 84' lang='lat' dir='ltr'><strong>subito</strong></span> <span class='ocrx_word' id='word_1_134' title='bbox 1507 2386 1585 2433; x_wconf 84' lang='lat' dir='ltr'><strong>ex</strong></span> <span class='ocrx_word' id='word_1_135' title='bbox 1647 2367 1931 2434; x_wconf 86' lang='lat' dir='ltr'><strong>oratione</strong></span> <span class='ocrx_word' id='word_1_136' title='bbox 1994 2376 2191 2449; x_wconf 88' lang='lat' dir='ltr'><strong>recta,</strong></span> <span class='ocrx_word' id='word_1_137' title='bbox 2261 2372 2362 2438; x_wconf 92' lang='lat' dir='ltr'><strong>cui</strong></span> <span class='ocrx_word' id='word_1_138' title='bbox 2433 2373 2693 2440; x_wconf 86' lang='lat' dir='ltr'><strong>verbum</strong></span> 
     </span>
     <span class='ocr_line' id='line_1_19' title="bbox 486 2480 2697 2566; baseline 0.002 -16"><span class='ocrx_word' id='word_1_139' title='bbox 486 2484 732 2566; x_wconf 90' lang='lat' dir='ltr'><strong>,inquit‘</strong></span> <span class='ocrx_word' id='word_1_140' title='bbox 777 2484 1085 2549; x_wconf 90' lang='lat' dir='ltr'><strong>insertum</strong></span> <span class='ocrx_word' id='word_1_141' title='bbox 1129 2486 1258 2560; x_wconf 85' lang='lat' dir='ltr'><strong>est,</strong></span> <span class='ocrx_word' id='word_1_142' title='bbox 1300 2481 1380 2547; x_wconf 89' lang='lat' dir='ltr'><strong>ad</strong></span> <span class='ocrx_word' id='word_1_143' title='bbox 1422 2482 1771 2547; x_wconf 87' lang='lat' dir='ltr'><strong>orationem</strong></span> <span class='ocrx_word' id='word_1_144' title='bbox 1811 2480 2125 2563; x_wconf 84' lang='lat' dir='ltr'><strong>obliquam</strong></span> <span class='ocrx_word' id='word_1_145' title='bbox 2140 2533 2155 2563; x_wconf 92' lang='lat'><strong>,</strong></span> <span class='ocrx_word' id='word_1_146' title='bbox 2199 2503 2360 2566; x_wconf 90' lang='lat' dir='ltr'><strong>quae</strong></span> <span class='ocrx_word' id='word_1_147' title='bbox 2403 2487 2467 2550; x_wconf 92' lang='lat' dir='ltr'><strong>in</strong></span> <span class='ocrx_word' id='word_1_148' title='bbox 2509 2506 2697 2554; x_wconf 85' lang='lat' dir='ltr'><strong>versu</strong></span> 
     </span>
     <span class='ocr_line' id='line_1_20' title="bbox 483 2594 2427 2681; baseline 0.001 -15"><span class='ocrx_word' id='word_1_149' title='bbox 483 2601 697 2666; x_wconf 86' lang='lat' dir='ltr'><strong>allatis</strong></span> <span class='ocrx_word' id='word_1_150' title='bbox 740 2598 1161 2665; x_wconf 84' lang='lat' dir='ltr'><strong>antecedente</strong></span> <span class='ocrx_word' id='word_1_151' title='bbox 1205 2599 1382 2681; x_wconf 87' lang='grc'>(864)</span> <span class='ocrx_word' id='word_1_152' title='bbox 1427 2617 1505 2662; x_wconf 86' lang='lat' dir='ltr'><strong>ex</strong></span> <span class='ocrx_word' id='word_1_153' title='bbox 1550 2594 1743 2663; x_wconf 86' lang='lat' dir='ltr'><strong>verbo</strong></span> <span class='ocrx_word' id='word_1_154' title='bbox 1785 2597 1919 2680; x_wconf 87' lang='lat' dir='ltr'><strong>,ait‘</strong></span> <span class='ocrx_word' id='word_1_155' title='bbox 1963 2615 2271 2680; x_wconf 86' lang='lat' dir='ltr'><strong>suspensa</strong></span> <span class='ocrx_word' id='word_1_156' title='bbox 2312 2607 2427 2668; x_wconf 87' lang='lat' dir='ltr'><strong>est.</strong></span> 
     </span>
    </p>
   </div>
   <div class='ocr_carea' id='block_1_5' title="bbox 487 2767 906 2776">
    <p class='ocr_par' dir='ltr' id='par_1_8' title="bbox 487 2767 906 2776">
     <span class='ocr_line' id='line_1_21' title="bbox 487 2767 906 2776; baseline 0 0"><span class='ocrx_word' id='word_1_157' title='bbox 487 2767 906 2776; x_wconf 95' lang='lat' dir='ltr'><strong> </strong></span> 
     </span>
    </p>
   </div>
   <div class='ocr_carea' id='block_1_6' title="bbox 485 2836 2702 3540">
    <p class='ocr_par' dir='ltr' id='par_1_9' title="bbox 485 2836 2698 3118">
     <span class='ocr_line' id='line_1_22' title="bbox 637 2836 2698 2913; baseline 0.004 -21"><span class='ocrx_word' id='word_1_158' title='bbox 637 2843 682 2908; x_wconf 84' lang='lat'><strong>1)</strong></span> <span class='ocrx_word' id='word_1_159' title='bbox 724 2841 858 2896; x_wconf 85' lang='lat' dir='ltr'><strong>Hor.</strong></span> <span class='ocrx_word' id='word_1_160' title='bbox 897 2846 1002 2895; x_wconf 80' lang='lat' dir='ltr'><strong>sat.</strong></span> <span class='ocrx_word' id='word_1_161' title='bbox 1041 2841 1086 2895; x_wconf 94' lang='lat'><strong>1.</strong></span> <span class='ocrx_word' id='word_1_162' title='bbox 1131 2845 1175 2909; x_wconf 87' lang='grc'><strong>1,</strong></span> <span class='ocrx_word' id='word_1_163' title='bbox 1215 2840 1314 2907; x_wconf 80' lang='grc'><strong>62;</strong></span> <span class='ocrx_word' id='word_1_164' title='bbox 1367 2841 1416 2907; x_wconf 88' lang='grc'><strong>2,</strong></span> <span class='ocrx_word' id='word_1_165' title='bbox 1455 2840 1541 2894; x_wconf 98' lang='grc'><strong>32.</strong></span> <span class='ocrx_word' id='word_1_166' title='bbox 1580 2837 1668 2893; x_wconf 83' lang='grc'><strong>35.</strong></span> <span class='ocrx_word' id='word_1_167' title='bbox 1706 2837 1803 2905; x_wconf 82' lang='grc'><strong>57;</strong></span> <span class='ocrx_word' id='word_1_168' title='bbox 1858 2836 1909 2906; x_wconf 88' lang='grc'><strong>3,</strong></span> <span class='ocrx_word' id='word_1_169' title='bbox 1948 2838 2035 2892; x_wconf 87' lang='grc'><strong>23.</strong></span> <span class='ocrx_word' id='word_1_170' title='bbox 2076 2839 2214 2908; x_wconf 81' lang='grc'><strong>126;</strong></span> <span class='ocrx_word' id='word_1_171' title='bbox 2270 2839 2325 2910; x_wconf 86' lang='lat'><strong>5,</strong></span> <span class='ocrx_word' id='word_1_172' title='bbox 2360 2841 2457 2910; x_wconf 81' lang='lat'><strong>593</strong></span> <span class='ocrx_word' id='word_1_173' title='bbox 2506 2843 2558 2913; x_wconf 87' lang='lat'><strong>4,</strong></span> <span class='ocrx_word' id='word_1_174' title='bbox 2602 2846 2698 2913; x_wconf 78' lang='lat'><strong>793</strong></span> 
     </span>
     <span class='ocr_line' id='line_1_23' title="bbox 485 2939 2697 3017; baseline 0.003 -20"><span class='ocrx_word' id='word_1_175' title='bbox 485 2944 536 3012; x_wconf 94' lang='lat'><strong>9,</strong></span> <span class='ocrx_word' id='word_1_176' title='bbox 576 2947 626 3000; x_wconf 94' lang='grc'><strong>7.</strong></span> <span class='ocrx_word' id='word_1_177' title='bbox 670 2944 752 3000; x_wconf 97' lang='grc'><strong>14.</strong></span> <span class='ocrx_word' id='word_1_178' title='bbox 798 2945 882 3000; x_wconf 82' lang='lat'><strong>33.</strong></span> <span class='ocrx_word' id='word_1_179' title='bbox 919 2944 1008 3001; x_wconf 85' lang='lat'><strong>40.</strong></span> <span class='ocrx_word' id='word_1_180' title='bbox 1081 2944 1157 2999; x_wconf 89' lang='lat'><strong>11.</strong></span> <span class='ocrx_word' id='word_1_181' title='bbox 1195 2943 1244 3010; x_wconf 88' lang='lat'><strong>2,</strong></span> <span class='ocrx_word' id='word_1_182' title='bbox 1285 2944 1386 3008; x_wconf 69' lang='lat'><strong>99³</strong></span> <span class='ocrx_word' id='word_1_183' title='bbox 1425 2943 1477 3006; x_wconf 89' lang='lat'><strong>3,</strong></span> <span class='ocrx_word' id='word_1_184' title='bbox 1512 2943 1597 2997; x_wconf 95' lang='lat'><strong>39.</strong></span> <span class='ocrx_word' id='word_1_185' title='bbox 1636 2941 1774 3008; x_wconf 73' lang='lat'><strong>3193</strong></span> <span class='ocrx_word' id='word_1_186' title='bbox 1812 2942 1863 3010; x_wconf 90' lang='lat'><strong>6,</strong></span> <span class='ocrx_word' id='word_1_187' title='bbox 1901 2941 2005 3009; x_wconf 86' lang='lat'><strong>90;</strong></span> <span class='ocrx_word' id='word_1_188' title='bbox 2045 2942 2095 3012; x_wconf 87' lang='lat'><strong>8,</strong></span> <span class='ocrx_word' id='word_1_189' title='bbox 2134 2942 2222 2998; x_wconf 87' lang='lat'><strong>43.</strong></span> <span class='ocrx_word' id='word_1_190' title='bbox 2277 2945 2380 3014; x_wconf 80' lang='lat' dir='ltr'><strong>Ep.</strong></span> <span class='ocrx_word' id='word_1_191' title='bbox 2420 2945 2464 3003; x_wconf 92' lang='lat'><strong>1.</strong></span> <span class='ocrx_word' id='word_1_192' title='bbox 2504 2949 2552 3016; x_wconf 93' lang='grc'><strong>7,</strong></span> <span class='ocrx_word' id='word_1_193' title='bbox 2598 2939 2697 3017; x_wconf 87' lang='lat'><strong>93;</strong></span> 
     </span>
     <span class='ocr_line' id='line_1_24' title="bbox 489 3033 2229 3118; baseline 0.004 -17"><span class='ocrx_word' id='word_1_194' title='bbox 489 3049 572 3118; x_wconf 92' lang='lat'><strong>16,</strong></span> <span class='ocrx_word' id='word_1_195' title='bbox 612 3049 701 3104; x_wconf 88' lang='lat'><strong>35.</strong></span> <span class='ocrx_word' id='word_1_196' title='bbox 739 3049 800 3102; x_wconf 93' lang='lat'><strong>11</strong></span> <span class='ocrx_word' id='word_1_197' title='bbox 855 3049 906 3114; x_wconf 86' lang='lat'><strong>2,</strong></span> <span class='ocrx_word' id='word_1_198' title='bbox 941 3048 1030 3102; x_wconf 85' lang='lat'><strong>40.</strong></span> <span class='ocrx_word' id='word_1_199' title='bbox 1926 3033 1929 3038; x_wconf 81' lang='grc'><strong>’</strong></span> <span class='ocrx_word' id='word_1_200' title='bbox 2224 3105 2229 3108; x_wconf 85' lang='grc'><strong>,</strong></span> 
     </span>
    </p>

    <p class='ocr_par' dir='ltr' id='par_1_10' title="bbox 487 3136 2701 3327">
     <span class='ocr_line' id='line_1_25' title="bbox 630 3136 2701 3223; baseline 0.002 -14"><span class='ocrx_word' id='word_1_201' title='bbox 630 3157 683 3223; x_wconf 89' lang='grc'><strong>3)</strong></span> <span class='ocrx_word' id='word_1_202' title='bbox 723 3157 865 3210; x_wconf 79' lang='lat' dir='ltr'><strong>Eun.</strong></span> <span class='ocrx_word' id='word_1_203' title='bbox 913 3154 1036 3212; x_wconf 87' lang='grc'><strong>337.</strong></span> <span class='ocrx_word' id='word_1_204' title='bbox 1084 3155 1208 3210; x_wconf 91' lang='lat'><strong>239.</strong></span> <span class='ocrx_word' id='word_1_205' title='bbox 1260 3153 1381 3208; x_wconf 83' lang='lat'><strong>414.</strong></span> <span class='ocrx_word' id='word_1_206' title='bbox 1432 3153 1556 3208; x_wconf 90' lang='lat'><strong>425.</strong></span> <span class='ocrx_word' id='word_1_207' title='bbox 1606 3153 1823 3207; x_wconf 75' lang='lat' dir='ltr'><strong>phorm.</strong></span> <span class='ocrx_word' id='word_1_208' title='bbox 1872 3151 1997 3208; x_wconf 92' lang='lat'><strong>620.</strong></span> <span class='ocrx_word' id='word_1_209' title='bbox 2050 3153 2172 3210; x_wconf 86' lang='lat'><strong>633.</strong></span> <span class='ocrx_word' id='word_1_210' title='bbox 2226 3155 2357 3210; x_wconf 80' lang='lat' dir='ltr'><strong>Hec.</strong></span> <span class='ocrx_word' id='word_1_211' title='bbox 2408 3136 2528 3212; x_wconf 87' lang='grc'><strong>376.</strong></span> <span class='ocrx_word' id='word_1_212' title='bbox 2579 3159 2701 3215; x_wconf 84' lang='grc'><strong>834.</strong></span> 
     </span>
     <span class='ocr_line' id='line_1_26' title="bbox 487 3259 864 3327; baseline 0 -15"><span class='ocrx_word' id='word_1_213' title='bbox 487 3259 722 3327; x_wconf 82' lang='lat' dir='ltr'><strong>Adelph.</strong></span> <span class='ocrx_word' id='word_1_214' title='bbox 761 3259 864 3312; x_wconf 90' lang='lat'><strong>622</strong></span> 
     </span>
    </p>

    <p class='ocr_par' dir='ltr' id='par_1_11' title="bbox 493 3362 2702 3540">
     <span class='ocr_line' id='line_1_27' title="bbox 632 3362 2702 3436; baseline 0.003 -16"><span class='ocrx_word' id='word_1_215' title='bbox 632 3369 686 3435; x_wconf 87' lang='grc'><strong>3)</strong></span> <span class='ocrx_word' id='word_1_216' title='bbox 719 3373 825 3421; x_wconf 79' lang='lat' dir='ltr'><strong>sat.</strong></span> <span class='ocrx_word' id='word_1_217' title='bbox 865 3367 910 3420; x_wconf 92' lang='lat'><strong>1.</strong></span> <span class='ocrx_word' id='word_1_218' title='bbox 949 3367 999 3436; x_wconf 89' lang='lat'><strong>9,</strong></span> <span class='ocrx_word' id='word_1_219' title='bbox 1040 3367 1090 3418; x_wconf 89' lang='lat'><strong>5.</strong></span> <span class='ocrx_word' id='word_1_220' title='bbox 1131 3365 1182 3420; x_wconf 86' lang='lat'><strong>8.</strong></span> <span class='ocrx_word' id='word_1_221' title='bbox 1221 3364 1306 3418; x_wconf 91' lang='lat'><strong>50.</strong></span> <span class='ocrx_word' id='word_1_222' title='bbox 1348 3364 1446 3430; x_wconf 89' lang='grc' dir='ltr'><strong>7ο;</strong></span> <span class='ocrx_word' id='word_1_223' title='bbox 1501 3364 1598 3430; x_wconf 86' lang='grc'><strong>10,</strong></span> <span class='ocrx_word' id='word_1_224' title='bbox 1637 3364 1726 3418; x_wconf 87' lang='grc'><strong>64.</strong></span> <span class='ocrx_word' id='word_1_225' title='bbox 1784 3362 1861 3418; x_wconf 93' lang='lat'><strong>11.</strong></span> <span class='ocrx_word' id='word_1_226' title='bbox 1898 3363 1949 3432; x_wconf 92' lang='lat'><strong>3,</strong></span> <span class='ocrx_word' id='word_1_227' title='bbox 1988 3364 2092 3421; x_wconf 87' lang='grc'><strong>376</strong></span> <span class='ocrx_word' id='word_1_228' title='bbox 2145 3365 2239 3436; x_wconf 75' lang='lat' dir='ltr'><strong>(cf.</strong></span> <span class='ocrx_word' id='word_1_229' title='bbox 2278 3367 2464 3423; x_wconf 78' lang='lat' dir='ltr'><strong>Fleck.</strong></span> <span class='ocrx_word' id='word_1_230' title='bbox 2504 3369 2702 3427; x_wconf 79' lang='lat' dir='ltr'><strong>Jahrb.</strong></span> 
     </span>
     <span class='ocr_line' id='line_1_28' title="bbox 493 3468 1492 3540; baseline -0.001 -17"><span class='ocrx_word' id='word_1_231' title='bbox 493 3470 647 3538; x_wconf 85' lang='lat'><strong>1861,</strong></span> <span class='ocrx_word' id='word_1_232' title='bbox 684 3486 738 3540; x_wconf 81' lang='lat' dir='ltr'><strong>p.</strong></span> <span class='ocrx_word' id='word_1_233' title='bbox 777 3470 905 3537; x_wconf 85' lang='lat'><strong>805)</strong></span> <span class='ocrx_word' id='word_1_234' title='bbox 922 3487 937 3538; x_wconf 85' lang='lat'>;</span> <span class='ocrx_word' id='word_1_235' title='bbox 977 3471 1025 3534; x_wconf 87' lang='grc'><strong>7,</strong></span> <span class='ocrx_word' id='word_1_236' title='bbox 1063 3468 1247 3538; x_wconf 80' lang='grc'><strong>33;·3,</strong></span> <span class='ocrx_word' id='word_1_237' title='bbox 1293 3468 1378 3522; x_wconf 86' lang='grc'><strong>37.</strong></span> <span class='ocrx_word' id='word_1_238' title='bbox 1487 3503 1492 3506; x_wconf 90' lang='grc'>-</span> 
     </span>
    </p>
   </div>
   <div class='ocr_carea' id='block_1_7' title="bbox 631 3575 2705 3672">
    <p class='ocr_par' dir='ltr' id='par_1_12' title="bbox 631 3575 2705 3672">
     <span class='ocr_line' id='line_1_29' title="bbox 631 3575 2705 3672; baseline 0.004 -40"><span class='ocrx_word' id='word_1_239' title='bbox 631 3577 688 3647; x_wconf 90' lang='grc'><strong>4)</strong></span> <span class='ocrx_word' id='word_1_240' title='bbox 726 3578 898 3633; x_wconf 85' lang='lat' dir='ltr'><strong>Andr.</strong></span> <span class='ocrx_word' id='word_1_241' title='bbox 938 3578 1058 3634; x_wconf 83' lang='lat'><strong>785.</strong></span> <span class='ocrx_word' id='word_1_242' title='bbox 1108 3578 1316 3633; x_wconf 83' lang='lat' dir='ltr'><strong>Heaut.</strong></span> <span class='ocrx_word' id='word_1_243' title='bbox 1356 3577 1443 3630; x_wconf 89' lang='grc'><strong>91.</strong></span> <span class='ocrx_word' id='word_1_244' title='bbox 1500 3575 1622 3632; x_wconf 89' lang='grc'><strong>348.</strong></span> <span class='ocrx_word' id='word_1_245' title='bbox 1662 3576 1784 3631; x_wconf 85' lang='grc'><strong>378.</strong></span> <span class='ocrx_word' id='word_1_246' title='bbox 1824 3576 1945 3632; x_wconf 86' lang='grc'><strong>694.</strong></span> <span class='ocrx_word' id='word_1_247' title='bbox 1988 3579 2092 3633; x_wconf 89' lang='grc'><strong>770</strong></span> <span class='ocrx_word' id='word_1_248' title='bbox 2145 3579 2268 3635; x_wconf 89' lang='grc'><strong>894.</strong></span> <span class='ocrx_word' id='word_1_249' title='bbox 2326 3582 2563 3672; x_wconf 50' lang='lat' dir='ltr'><strong>Phorm3</strong></span> <span class='ocrx_word' id='word_1_250' title='bbox 2582 3585 2705 3640; x_wconf 86' lang='grc'><strong>987.</strong></span> 
     </span>
    </p>
   </div>
   <div class='ocr_carea' id='block_1_8' title="bbox 491 3681 1252 3738">
    <p class='ocr_par' dir='ltr' id='par_1_13' title="bbox 491 3681 1252 3738">
     <span class='ocr_line' id='line_1_30' title="bbox 491 3681 1252 3738; baseline -0.001 -1"><span class='ocrx_word' id='word_1_251' title='bbox 491 3683 629 3737; x_wconf 83' lang='lat' dir='ltr'><strong>Hec.</strong></span> <span class='ocrx_word' id='word_1_252' title='bbox 667 3682 790 3736; x_wconf 91' lang='grc'><strong>214.</strong></span> <span class='ocrx_word' id='word_1_253' title='bbox 829 3681 951 3738; x_wconf 89' lang='grc'><strong>847.</strong></span> <span class='ocrx_word' id='word_1_254' title='bbox 989 3682 1092 3737; x_wconf 89' lang='lat' dir='ltr'><strong>Ad.</strong></span> <span class='ocrx_word' id='word_1_255' title='bbox 1132 3681 1252 3736; x_wconf 84' lang='lat'><strong>934.</strong></span> 
     </span>
    </p>
   </div>
   <div class='ocr_carea' id='block_1_9' title="bbox 635 3787 2706 3859">
    <p class='ocr_par' dir='ltr' id='par_1_14' title="bbox 635 3787 2706 3859">
     <span class='ocr_line' id='line_1_31' title="bbox 635 3787 2706 3859; baseline 0.004 -16"><span class='ocrx_word' id='word_1_256' title='bbox 635 3792 692 3859; x_wconf 86' lang='lat'><strong>5)</strong></span> <span class='ocrx_word' id='word_1_257' title='bbox 732 3790 907 3847; x_wconf 86' lang='lat' dir='ltr'><strong>Andr.</strong></span> <span class='ocrx_word' id='word_1_258' title='bbox 943 3790 1070 3844; x_wconf 86' lang='grc'><strong>409.</strong></span> <span class='ocrx_word' id='word_1_259' title='bbox 1107 3789 1229 3846; x_wconf 89' lang='grc'><strong>862.</strong></span> <span class='ocrx_word' id='word_1_260' title='bbox 1283 3789 1488 3845; x_wconf 84' lang='lat' dir='ltr'><strong>Heaut.</strong></span> <span class='ocrx_word' id='word_1_261' title='bbox 1528 3787 1614 3843; x_wconf 89' lang='lat'><strong>85.</strong></span> <span class='ocrx_word' id='word_1_262' title='bbox 1656 3789 1774 3844; x_wconf 90' lang='grc'><strong>879.</strong></span> <span class='ocrx_word' id='word_1_263' title='bbox 1818 3789 2033 3843; x_wconf 86' lang='lat' dir='ltr'><strong>Phorm.</strong></span> <span class='ocrx_word' id='word_1_264' title='bbox 2075 3790 2195 3845; x_wconf 83' lang='grc'><strong>217.</strong></span> <span class='ocrx_word' id='word_1_265' title='bbox 2234 3791 2369 3846; x_wconf 88' lang='lat' dir='ltr'><strong>Hee.</strong></span> <span class='ocrx_word' id='word_1_266' title='bbox 2406 3792 2528 3848; x_wconf 85' lang='lat'><strong>496.</strong></span> <span class='ocrx_word' id='word_1_267' title='bbox 2602 3795 2706 3852; x_wconf 83' lang='lat' dir='ltr'><strong>Ad.</strong></span> 
     </span>
    </p>
   </div>
   <div class='ocr_carea' id='block_1_10' title="bbox 496 3893 1526 4501">
    <p class='ocr_par' dir='ltr' id='par_1_15' title="bbox 496 3893 1526 4501">
     <span class='ocr_line' id='line_1_32' title="bbox 496 3893 782 3948; baseline -0.003 0"><span class='ocrx_word' id='word_1_268' title='bbox 496 3893 620 3948; x_wconf 88' lang='grc'><strong>696.</strong></span> <span class='ocrx_word' id='word_1_269' title='bbox 663 3893 782 3948; x_wconf 89' lang='grc'><strong>781.</strong></span> 
     </span>
     <span class='ocr_line' id='line_1_33' title="bbox 640 3999 1299 4069; baseline 0.002 -14"><span class='ocrx_word' id='word_1_270' title='bbox 640 4002 696 4069; x_wconf 89' lang='grc'><strong>6)</strong></span> <span class='ocrx_word' id='word_1_271' title='bbox 729 4000 860 4054; x_wconf 89' lang='lat' dir='ltr'><strong>Hor.</strong></span> <span class='ocrx_word' id='word_1_272' title='bbox 899 4004 1004 4055; x_wconf 86' lang='lat' dir='ltr'><strong>sat.</strong></span> <span class='ocrx_word' id='word_1_273' title='bbox 1043 3999 1119 4055; x_wconf 90' lang='grc' dir='ltr'><strong>Π.</strong></span> <span class='ocrx_word' id='word_1_274' title='bbox 1162 3999 1210 4066; x_wconf 90' lang='grc'><strong>1,</strong></span> <span class='ocrx_word' id='word_1_275' title='bbox 1247 4001 1299 4056; x_wconf 90' lang='lat'><strong>5.</strong></span> 
     </span>
     <span class='ocr_line' id='line_1_34' title="bbox 640 4108 1316 4176; baseline 0.003 -14"><span class='ocrx_word' id='word_1_276' title='bbox 640 4109 693 4176; x_wconf 98' lang='grc'><strong>7)</strong></span> <span class='ocrx_word' id='word_1_277' title='bbox 735 4108 868 4164; x_wconf 92' lang='lat' dir='ltr'><strong>Hor.</strong></span> <span class='ocrx_word' id='word_1_278' title='bbox 906 4114 1013 4163; x_wconf 84' lang='lat' dir='ltr'><strong>sat.</strong></span> <span class='ocrx_word' id='word_1_279' title='bbox 1055 4109 1100 4164; x_wconf 92' lang='lat' dir='ltr'><strong>I.</strong></span> <span class='ocrx_word' id='word_1_280' title='bbox 1137 4109 1192 4175; x_wconf 89' lang='lat'><strong>3,</strong></span> <span class='ocrx_word' id='word_1_281' title='bbox 1229 4108 1316 4164; x_wconf 89' lang='grc'><strong>66.</strong></span> 
     </span>
     <span class='ocr_line' id='line_1_35' title="bbox 642 4209 1240 4282; baseline -0.003 -10"><span class='ocrx_word' id='word_1_282' title='bbox 642 4209 714 4282; x_wconf 77' lang='grc'><strong>8)’</strong></span> <span class='ocrx_word' id='word_1_283' title='bbox 741 4215 869 4271; x_wconf 85' lang='lat' dir='ltr'><strong>Ter.</strong></span> <span class='ocrx_word' id='word_1_284' title='bbox 907 4216 1079 4271; x_wconf 90' lang='lat' dir='ltr'><strong>Andr.</strong></span> <span class='ocrx_word' id='word_1_285' title='bbox 1118 4215 1240 4270; x_wconf 85' lang='lat'><strong>388.</strong></span> 
     </span>
     <span class='ocr_line' id='line_1_36' title="bbox 642 4321 1340 4393; baseline 0 -15"><span class='ocrx_word' id='word_1_286' title='bbox 642 4325 698 4393; x_wconf 88' lang='grc'><strong>9)</strong></span> <span class='ocrx_word' id='word_1_287' title='bbox 739 4324 868 4378; x_wconf 92' lang='lat' dir='ltr'><strong>Hor.</strong></span> <span class='ocrx_word' id='word_1_288' title='bbox 909 4329 1015 4378; x_wconf 86' lang='lat' dir='ltr'><strong>sat.</strong></span> <span class='ocrx_word' id='word_1_289' title='bbox 1053 4322 1126 4377; x_wconf 93' lang='grc' dir='ltr'><strong>ΙΙ.</strong></span> <span class='ocrx_word' id='word_1_290' title='bbox 1167 4321 1216 4393; x_wconf 83' lang='grc'><strong>5,</strong></span> <span class='ocrx_word' id='word_1_291' title='bbox 1253 4323 1340 4378; x_wconf 87' lang='grc'><strong>43.</strong></span> 
     </span>
     <span class='ocr_line' id='line_1_37' title="bbox 607 4429 1526 4501; baseline 0.002 -17"><span class='ocrx_word' id='word_1_292' title='bbox 607 4432 696 4501; x_wconf 91' lang='grc'><strong>10)</strong></span> <span class='ocrx_word' id='word_1_293' title='bbox 735 4431 942 4486; x_wconf 87' lang='lat' dir='ltr'><strong>Heaut.</strong></span> <span class='ocrx_word' id='word_1_294' title='bbox 981 4430 1107 4488; x_wconf 88' lang='grc'><strong>829.</strong></span> <span class='ocrx_word' id='word_1_295' title='bbox 1144 4430 1364 4486; x_wconf 88' lang='lat' dir='ltr'><strong>Phorm.</strong></span> <span class='ocrx_word' id='word_1_296' title='bbox 1403 4429 1526 4486; x_wconf 89' lang='grc'><strong>919.</strong></span> 
     </span>
    </p>
   </div>
   <div class='ocr_carea' id='block_1_11' title="bbox 3105 241 3186 1369">
    <p class='ocr_par' dir='ltr' id='par_1_16' title="bbox 3105 241 3186 1369">
     <span class='ocr_line' id='line_1_38' title="bbox 3105 1163 3113 1170; textangle 90"><span class='ocrx_word' id='word_1_297' title='bbox 3105 1163 3113 1170; x_wconf 59' lang='grc' dir='ltr'>ι</span> 
     </span>
     <span class='ocr_line' id='line_1_39' title="bbox 3161 241 3186 1369; textangle 90"><span class='ocrx_word' id='word_1_298' title='bbox 3170 1361 3177 1369; x_wconf 75' lang='grc'><strong><em>’</em></strong></span> <span class='ocrx_word' id='word_1_299' title='bbox 3182 1272 3186 1296; x_wconf 45' lang='lat' dir='ltr'><strong>h.</strong></span> <span class='ocrx_word' id='word_1_300' title='bbox 3173 1172 3184 1230; x_wconf 63' lang='lat'><strong>-.—=</strong></span> <span class='ocrx_word' id='word_1_301' title='bbox 3162 473 3182 1144; x_wconf 39' lang='lat' dir='ltr'><strong>.--..-h-..—=-.=-—-,g.-——.—a—›</strong></span> <span class='ocrx_word' id='word_1_302' title='bbox 3166 379 3168 438; x_wconf 61' lang='grc'><strong>-.-</strong></span> <span class='ocrx_word' id='word_1_303' title='bbox 3164 325 3166 340; x_wconf 61' lang='grc'><strong>..</strong></span> <span class='ocrx_word' id='word_1_304' title='bbox 3161 241 3164 273; x_wconf 82' lang='grc'><strong>--</strong></span> 
     </span>
    </p>
   </div>
  </div>
 </body>
</html>
