3300 4984
1387 316 1762 378 ...7-

473 497 744 565 tacticae
787 515 950 580 quae
991 496 1222 564 dicitur
1237 547 1252 576 ,
1309 501 1671 562 structurae
1724 513 1843 560 usu
1898 493 2267 562 Terentium
2322 495 2416 560 ita
2472 494 2686 562 Plauti

472 610 859 677 imitatorem
915 608 1461 693 deprehendimus,
1524 612 1600 675 ut
1662 607 1837 675 nulla
1895 607 2031 674 fere
2096 612 2306 674 exstet
2365 609 2685 691 parataxis

475 723 697 803 forma,
742 724 891 808 quin
929 723 1010 789 ab
1051 729 1320 806 utroque
1361 729 1552 804 poeta
1591 723 1733 805 pari
1772 722 1956 790 modo
1997 722 2082 789 sit
2112 721 2408 789 adhibita.
2476 723 2687 790 Facile

476 840 674 922 igitur
713 837 890 906 nobis
933 837 1468 920 persuadebimus,
1510 836 1687 903 illum
1728 855 1911 903 usum
1949 836 2013 902 in
2056 837 2414 904 litterarum
2457 855 2689 920 genere

477 954 752 1035 positum
795 971 936 1019 esse
965 971 1170 1035 neque
1209 953 1415 1019 minus
1443 953 1766 1035 proprium
1803 951 1997 1020 fuisse
2024 953 2290 1018 aliorum
2318 953 2692 1020 comicorum

480 1066 849 1134 Latinorum
871 1070 954 1148 ²),
1013 1065 1220 1152 quoad
1268 1067 1550 1133 iudicare
1603 1084 1939 1150 possumus
1992 1085 2071 1132 ex
2107 1068 2186 1133 iis
2202 1118 2217 1148 ,
2271 1085 2433 1149 quae
2476 1087 2693 1150 super-

483 1188 650 1262 sunt,
693 1182 1082 1264 fragmentis.
1152 1181 1353 1260 Quam
1399 1200 1521 1248 non
1551 1182 1813 1249 recedat
1850 1161 2175 1266 parataxis
2203 1201 2354 1250 usus
2383 1201 2423 1248 a
2450 1182 2696 1249 dicendi

485 1314 719 1378 genere
796 1300 1152 1362 ceterorum
1218 1296 1596 1378 scriptorum
1611 1348 1628 1377 ,
1698 1297 1805 1379 qui
1878 1295 1962 1362 ad
2023 1297 2324 1362 laxiorem
2393 1297 2699 1364 sermonis

485 1411 798 1478 rationem
839 1409 1178 1491 accedunt,
1239 1410 1331 1476 eis
1383 1409 1538 1476 locis
1593 1410 1931 1477 afferendis
1982 1409 2406 1478 demonstrari
2444 1412 2697 1494 poterit,

489 1526 596 1607 qui
635 1527 701 1590 in
737 1525 965 1593 Horati
1007 1525 1262 1609 scriptis
1303 1525 1758 1608 paratacticam
1796 1525 2108 1608 praebent
2148 1532 2555 1594 structuram.

656 1639 1030 1722 Priusquam
1071 1638 1154 1704 ad
1192 1639 1333 1720 ipsa
1377 1639 1697 1720 parataxis
1748 1640 2035 1720 exempla
2079 1639 2435 1707 enarranda
2482 1658 2705 1722 aggre-

494 1753 738 1819 diamur
753 1802 768 1832 ‚
826 1758 1032 1819 restat
1085 1758 1161 1818 ut
1212 1769 1773 1818 commemoremus
1829 1752 2060 1818 multos
2116 1758 2191 1819 ut
2239 1752 2561 1819 Plautinos
2616 1754 2709 1818 ita

497 1866 911 1934 Terentianos
982 1866 1218 1933 aliosve
1273 1867 1468 1948 locos,
1525 1867 1632 1950 qui
1701 1866 1825 1933 huc
1879 1866 2237 1948 pertinent,
2303 1867 2430 1933 iam
2483 1867 2709 1933 allatos

498 1982 600 2047 vel
663 1987 972 2049 tractatos
1030 1980 1298 2046 inveniri
1360 1981 1425 2045 in
1492 1978 1672 2046 libris
1726 1981 2006 2047 virorum
2067 1980 2414 2061 doctorum,
2477 1982 2585 2063 qui
2646 1982 2711 2045 in

499 2095 809 2163 universis
863 2095 1144 2178 syntaxis
1209 2093 1448 2160 latinae
1513 2093 1759 2176 legibus
1816 2092 2190 2176 indagandis
2244 2095 2483 2161 versati
2545 2100 2712 2160 sunt.

501 2209 576 2275 In
636 2209 735 2275 his
800 2214 952 2275 ante
1013 2209 1172 2275 alios
1246 2209 1352 2292 qui
1413 2215 1831 2276 numerentur
1847 2261 1863 2290 ,
1931 2207 2101 2292 digni
2178 2215 2325 2276 sunt
2392 2208 2617 2277 Holtze
2641 2210 2715 2290 ²),

504 2323 793 2404 Draeger
813 2323 866 2406 ³)
885 2373 900 2402 ,
957 2321 1260 2388 Kuehner
1280 2323 1354 2405 4).
1438 2322 1708 2388 Praeter
1772 2339 1878 2389 eos
1932 2321 2207 2388 editores
2265 2341 2512 2406 quoque
2531 2372 2546 2402 ‚
2611 2323 2718 2406 qui

501 2435 746 2502 fabulas
775 2435 1191 2501 Terentianae
1233 2435 1699 2502 commentariis
1738 2435 2241 2516 illustraverunt,
2281 2436 2348 2501 in
2390 2436 2489 2502 his
2528 2437 2720 2518 inpri-

501 2552 619 2617 mis
660 2549 854 2616 Andr.
900 2550 1172 2632 Spengel
1195 2551 1251 2632 5)
1314 2558 1381 2616 et
1437 2549 1743 2616 Dziatzko
1768 2553 1821 2632 ⁶)
1836 2601 1851 2630 ,
1919 2549 2425 2617 adnotationibus
2469 2549 2722 2633 quibus-

505 2665 651 2730 dam
691 2664 1148 2747 paratac‘ticam
1190 2670 1578 2730 structuram
1606 2663 1967 2730 summatim
1997 2663 2369 2746 attigerunt.
2436 2665 2724 2747 Denique

507 2784 659 2850 mihi
721 2782 1076 2851 addendum
1129 2790 1257 2864 est,
1315 2784 1382 2849 in
1421 2782 1684 2849 Terenti
1731 2782 2019 2848 versibus
2070 2780 2476 2848 numerandis
2532 2786 2725 2865 atque

509 2897 853 2966 scribendis
927 2917 1028 2964 me
1099 2904 1389 2966 secutum
1466 2916 1608 2964 esse
1673 2896 2123 2964 Dziatzkonem
2141 2947 2157 2977 ,
2231 2897 2339 2978 qui
2416 2902 2729 2978 apparatu

663 3176 714 3243 1)
755 3192 1082 3245 quamquam
1117 3175 1288 3231 etiam
1313 3173 1510 3234 Afrani
1549 3189 1853 3229 sermonem
1889 3172 1949 3228 in
1983 3173 2303 3230 universum
2338 3172 2511 3228 fnisse
2534 3188 2732 3241 purum

515 3286 683 3348 atque
721 3281 1038 3350 elegantem
1081 3277 1270 3334 docuit
1307 3277 1526 3333 Teuffel
1563 3277 1623 3333 in
1658 3293 1845 3348 progr.
1884 3276 2127 3347 Tubing.
2172 3275 2329 3345 1858,
2367 3289 2499 3345 pag.
2534 3275 2623 3330 42.

633 3401 716 3467 ῥ2)
753 3401 842 3456 Fr.
882 3401 946 3456 G.
987 3400 1274 3469 Holtze,
1328 3398 1588 3469 Syntaxis
1626 3397 1793 3468 prisc.
1830 3396 2021 3466 script.
2062 3397 2167 3453 lat.
2208 3412 2381 3464 usque
2419 3396 2493 3450 ad
2530 3395 2735 3450 Teren-

519 3501 664 3558 tium
701 3501 762 3572 (2
799 3502 928 3559 voll.
967 3503 1116 3572 Lips.
1157 3502 1433 3571 1861162).

663 3623 720 3694 3)
758 3625 897 3680 Dra
913 3639 1110 3694 eger,
1168 3622 1513 3679 Historische
1561 3623 1773 3692 Syntax
1820 3623 1919 3678 der
1968 3621 2068 3677 lat.
2120 3619 2383 3688 Sprache.
2440 3617 2475 3672 2
2524 3618 2737 3674 Bande.

529 3725 740 3782 Zweite
777 3725 921 3781 Aufl.
964 3725 1119 3783 1878.
1163 3725 1318 3781 1881.

665 3847 726 3918 4)
763 3848 1072 3916 Kiihner‚
1120 3845 1511 3902 Ausfiihrliche
1549 3845 1902 3902 Grammatik
1946 3844 2045 3899 der
2078 3843 2183 3898 lat.
2219 3840 2463 3911 Sprache
2516 3839 2572 3908 (2
2611 3839 2740 3894 voll.

525 3952 685 4008 1877.
723 3951 904 4020 1878).

672 4073 728 4140 5)
768 4072 874 4129 Die
911 4071 1242 4146 Comoedien
1277 4072 1374 4127 des
1409 4071 1625 4127 Terenz
1664 4070 1805 4127 erkl.
1842 4087 1895 4126 v.
1934 4070 2004 4124 A.
2044 4065 2374 4138 Spengel.
2438 4063 2485 4118 Ι.
2522 4060 2745 4118 Andria

533 4177 687 4232 1875.
725 4175 804 4230 II.
842 4175 1124 4244 Adelphoe
1165 4175 1324 4231 1879.

677 4298 734 4364 6)
775 4295 1182 4366 Ansgewahlte
1220 4293 1527 4350 Komodien
1564 4294 1661 4349 des
1696 4291 1765 4353 P.
1802 4291 2100 4348 Terentius
2137 4291 2274 4346 Afer
2332 4289 2471 4346 erkl.
2508 4306 2567 4344 v.
2604 4250 2749 4346 Karl

535 4399 914 4456 Dziatzko.
950 4398 992 4453 Ι.
1035 4398 1316 4456 Phormio²
1351 4397 1509 4454 1885.
1547 4395 1622 4452 II.
1667 4396 1950 4466 Adelphoe
1995 4397 2147 4452 1881.
2243 4445 2248 4451 .
