3300 4984
1427 429 1845 493 ...95-

532 609 649 692 (Ut
691 607 1027 676 verborum
1069 607 1165 674 vis
1209 613 1642 691 cognoscatur,
1687 625 1941 675 versum
1968 606 2451 676 antecedentem
2475 610 2752 674 contem-

531 722 713 806 plari·
737 741 998 789 necesse
1043 727 1168 788 est:

957 836 1272 920 Quidquid
1302 835 1538 919 dicunt,
1569 835 1788 918 laudo;
1832 837 1898 903 id
1919 855 2172 904 rursum
2194 836 2249 904 si
2270 840 2529 918 negant,
2563 834 2754 901 laudo

2140 950 2204 1017 id
2248 952 2542 1034 quoque.)

867 1065 1099 1132 Heaut.
1145 1069 1284 1132 487.
1329 1064 1504 1132 Dare
1546 1063 1915 1148 denegaris:
1957 1064 2076 1132 ibit
2120 1063 2202 1130 ad
2238 1063 2396 1131 illud
2438 1062 2581 1130 ilico
2610 1111 2626 1128 .
2671 1112 2687 1129 .
2735 1113 2750 1130 .

866 1178 1117 1244 Phorm.
1162 1181 1307 1245 265.
1353 1179 1563 1246 Unum
1603 1179 1910 1262 cognoris,
1952 1178 2155 1245 omnis
2195 1178 2384 1245 noris.

535 1294 666 1378 (Sic
709 1295 874 1362 hunc
917 1313 1172 1362 versum
1212 1295 1526 1379 praebent
1565 1297 1767 1363 ceteri
1796 1296 2042 1363 codices
2069 1301 2333 1379 praeter
2358 1294 2751 1374 Bembinum,

532 1407 614 1475 inx
661 1427 785 1491 quo
852 1410 1082 1489 ,Unum
1143 1427 1287 1475 cum
1351 1409 1545 1477 noris‘
1611 1409 1919 1492 scriptum
1981 1415 2101 1476 est.
2185 1408 2366 1495 Hanc
2418 1409 2754 1474 lectionem

529 1522 880 1602 Bentleius‚
945 1523 1141 1589 Andr.
1188 1524 1344 1605 prol.
1390 1543 1448 1590 v.
1498 1526 1576 1590 10
1637 1524 1831 1604 nisus,
1890 1523 2153 1607 recepit,
2216 1541 2405 1606 quem
2447 1521 2754 1590 Dziatzko

531 1643 788 1704 secutus
830 1643 950 1719 est,
1017 1639 1141 1706 etsi
1194 1639 1258 1704 in
1313 1638 1456 1705 adn.
1501 1639 1640 1705 erit.
1689 1639 1995 1721 concedit,
2058 1639 2331 1707 alteram
2372 1639 2754 1721 scripturam

525 1770 746 1830 ,unum
789 1753 1093 1832 cognoris‘
1138 1751 1298 1820 bene
1339 1752 1592 1821 defendi
1632 1773 1674 1820 a
1712 1754 2045 1821 Thomasio
2081 1760 2231 1837 apte
2258 1754 2489 1836 collato
2516 1753 2750 1819 Heaut.

529 1887 584 1932 v.
631 1869 772 1932 487.
855 1867 1013 1932 Mihi
1055 1866 1308 1950 quidem
1346 1867 1739 1950 paratactica
1776 1874 2103 1935 structura
2146 1867 2430 1934 concisae
2470 1865 2752 1933 Demeae

529 1978 798 2046 orationi
840 1980 1042 2063 magis
1083 1981 1417 2048 convenire
1472 1981 1758 2063 videtur;
1822 1982 2037 2064 itaque
2098 1980 2217 2047 hoc
2279 1981 2414 2047 loco
2457 1998 2498 2046 a
2538 1978 2753 2046 codice

532 2091 834 2159 Bembino
876 2094 1014 2159 iure
1056 2094 1270 2161 recedi
1311 2101 1379 2162 et
1420 2095 1757 2163 lectionem
1801 2101 2157 2162 ceterorum
2213 2094 2446 2160 Donati
2504 2110 2752 2178 quoque

527 2209 909 2274 auctoritate
952 2206 1252 2274 traditam
1293 2208 1721 2292 recipiendam
1764 2228 1904 2278 esse
1948 2210 2220 2294 censeo).

863 2322 1057 2390 Andr.
1102 2325 1228 2389 238
1268 2343 1363 2406 sq.
1406 2324 1685 2391 Uxorem
1727 2323 2022 2391 decrerat
2060 2325 2245 2391 dare
2259 2342 2403 2391 sese
2422 2322 2511 2389 mi
2530 2322 2748 2390 hodie·
2732 2372 2748 2387 .
2794 2393 2803 2400 ,

2006 2457 2215 2507 nonne
2254 2439 2541 2522 oportuit

947 2553 1306 2619 Praescisse
1344 2571 1447 2620 me
1489 2559 1639 2620 ante
1654 2555 1685 2619 Ρ

855 2665 1086 2732 Heaut.
1135 2669 1214 2734 78
1253 2685 1348 2750 sq.
1409 2667 1528 2735 Vel
1586 2687 1691 2734 me
1742 2685 1999 2734 monere
2059 2667 2176 2735 hoc
2228 2667 2332 2734 vel
2386 2666 2749 2749 percontari

1694 2797 1698 2800 “
2345 2787 2535 2865 puta:

950 2895 1298 2976 Rectumst,
1343 2914 1460 2978 ego
1503 2900 1576 2961 ut
1618 2895 1845 2962 faciam
1860 2947 1876 2977 ,
1953 2914 2075 2962 non
2120 2900 2240 2976 est,
2310 2902 2379 2963 te
2420 2900 2493 2962 ut
2535 2894 2747 2962 deter-

2248 3028 2428 3075 ream
2459 3011 2533 3091 ²).

527 3123 803 3206 (Holtze,
857 3125 939 3206 ΙΙ,
987 3128 1108 3191 102
1175 3125 1241 3190 in
1284 3123 1586 3206 exemplis
1627 3125 1726 3189 his
1779 3143 1965 3191 usum
2004 3123 2325 3192 indicativi
2365 3124 2473 3207 qui
2513 3123 2749 3192 dicitur

523 3238 909 3322 hypothetici
957 3247 1209 3308 exstare
1250 3240 1747 3321 animadvertit.)

693 3354 963 3421 Praeter
984 3356 1126 3422 illos
1149 3355 1303 3423 duos
1324 3356 1510 3435 locos,
1549 3372 1705 3438 quos
1728 3374 1922 3437 supra
1942 3355 2426 3422 memoravimus
2448 3352 2742 3438 (Adelph.

525 3487 581 3533 v.
628 3472 747 3534 117
791 3475 860 3535 et
897 3469 1067 3551 881),
1112 3469 1217 3536 ubi
1259 3470 1535 3551 Spengel
1576 3471 1748 3536 solus
1794 3469 2307 3551 interrogationis
2348 3468 2596 3551 signum
2636 3486 2745 3550 po-

524 3583 671 3664 suit,
714 3584 1068 3666 complures
1110 3584 1536 3667 inveniuntur‚
1591 3583 1818 3668 quibus
1858 3585 2051 3652 etiam
2092 3583 2173 3650 ab
2214 3584 2356 3651 aliis
2399 3581 2745 3650 editoribus

523 3696 941 3779 interrogatio
982 3697 1290 3764 statuitur
1331 3697 1397 3763 in
1441 3699 1532 3766 eis
1575 3699 1919 3766 enuntiatis
1932 3750 1948 3780 ,
2009 3717 2171 3782 quae
2222 3697 2507 3781 protasin
2558 3714 2744 3779 para-

524 3788 820 3876 tacticam
864 3811 1201 3891 praebent:

857 3942 1052 4009 Andr.
1101 3945 1240 4010 367.
1288 3944 1560 4026 ‚Opinor‘
1609 3963 1833 4011 narras
1848 3945 1879 4009 ?
1920 3964 2044 4011 non
2085 3950 2262 4012 recte
2305 3943 2538 4026 accipis
2582 3995 2595 4008 .
2641 3993 2656 4010 .

858 4057 1018 4124 Eun.
1066 4060 1208 4125 245.
1254 4057 1467 4139 Quid?
1536 4064 1610 4125 tu
1672 4058 1772 4125 his
1836 4057 2027 4125 rebus
2090 4058 2296 4126 credis
2353 4057 2537 4125 fieri?
2606 4062 2745 4124 tota

2211 4191 2390 4239 erras
2430 4191 2533 4238 via

553 4414 562 4418 -
672 4390 723 4458 1)
757 4390 828 4446 cf.
867 4391 1140 4462 Wagneri
1177 4394 1304 4450 adn.
1359 4393 1432 4454 ad
1475 4395 1531 4452 h.
1581 4396 1619 4451 l.
1669 4393 1976 4462 ,Rectumst
2014 4413 2080 4444 =
2120 4394 2169 4452 si
2204 4396 2419 4454 rectum
2456 4400 2571 4466 est3
2631 4409 2741 4451 non

522 4495 612 4549 est
653 4509 718 4545 =
753 4491 804 4550 si
837 4508 947 4554 non
984 4493 1108 4552 est‘.
