3300 4984
1375 369 1472 391 ---
1543 343 1637 408 37·-
1707 371 1803 390 --

475 514 764 581 Bentleio
804 516 868 580 in
906 535 964 582 v.
1009 519 1135 582 645
1178 521 1370 598 ,natu‘
1415 517 1662 584 induxit
1705 524 1774 584 et
1814 537 1909 600 ,eo
1952 518 2062 585 sis‘
2103 516 2373 585 addidit:
2423 519 2693 600 ,Quanto

479 634 621 696 tuos
663 637 762 696 est
802 632 1049 696 animus
1097 637 1290 709 [natu]
1334 633 1613 714 gravior,
1686 651 1721 699 e
1737 653 1776 698 o
1814 634 1877 699 si
1893 652 1922 699 s
1978 633 2440 716 ignoscentior‘.
2525 633 2691 699 Num

478 741 868 824 Fleckeisen,
911 761 1098 826 quem
1140 746 1418 827 Wagner
1457 751 1717 812 secutus
1759 752 1876 827 est,
1921 746 2086 813 hunc
2127 748 2334 814 locum
2372 746 2697 813 sanaverit

476 875 569 938 eo,
613 857 779 940 quod
823 864 1094 941 ,quanto‘
1140 860 1204 925 in
1238 859 1521 942 ,quando‘
1570 861 1860 942 mutavit,
1906 880 2289 944 magnopere
2312 861 2691 929 dubitamus,

642 972 909 1039 Praeter
951 991 1058 1040 eos
1102 975 1284 1050 locos,
1351 973 1576 1057 quibus
1618 973 1917 1056 ,obsecro‘
1963 975 2560 1058 interrogationibus
2592 976 2699 1042 -in-

479 1091 723 1152 sertum
763 1093 865 1153 est
883 1091 950 1168 1),
995 1089 1100 1170 qui
1143 1106 1298 1156 usus
1339 1106 1420 1154 ne
1442 1106 1482 1153 a
1509 1087 1961 1170 posterioribus
1990 1089 2243 1172 quidem
2284 1088 2697 1172 scriptoribus

477 1199 718 1265 alienus
765 1208 866 1266 est
887 1201 973 1283 ²),
1025 1202 1310 1267 nonnulli
1363 1219 1584 1268 versus
1639 1201 1944 1268 afferendi
1986 1209 2153 1283 sunt,
2196 1204 2259 1268 in
2303 1201 2529 1286 quibus
2570 1202 2695 1284 ,ob-

477 1319 676 1381 secro‘
720 1315 1054 1382 sententiis
1097 1315 1490 1383 affirmativis
1534 1315 1827 1400 additur,
1898 1323 1971 1383 ut
2012 1318 2250 1384 maiore
2292 1335 2434 1385 cum
2475 1317 2538 1384 vi
2579 1334 2697 1382 eae

480 1427 860 1496 efferantur:

807 1543 965 1609 Eun.
1011 1545 1152 1610 664.
1194 1543 1384 1624 Perii,
1413 1543 1709 1614 obsecro!
1757 1551 1889 1611 tam
1911 1545 2240 1613 infandum
2260 1545 2521 1627 facinus,
2552 1565 2712 1624 mea,

1707 1665 1799 1740 tu,
1844 1678 1925 1725 ne
1969 1657 2183 1726 audivi
2226 1659 2496 1742 quidem.

880 1823 912 1856 „
1005 1775 1186 1839 1054.
1230 1771 1524 1854 Obsecro,
1569 1772 1833 1854 Gratho,
1877 1775 1941 1838 in
1984 1781 2052 1840 te
2088 1792 2235 1855 spes
2278 1782 2395 1841 est.

812 1884 1062 1952 Phorm.
1107 1890 1248 1952 754.
1295 1886 1403 1952 Ch.
1449 1885 1659 1965 Quid?
1732 1887 1971 1953 duasne
2012 1906 2240 1954 uxores
2283 1887 2527 1955 habet?
2591 1888 2691 1954 So.

900 2001 1019 2081 Au,
1059 2000 1338 2082 obsecro,
1390 2018 1579 2067 unam
1619 2000 1732 2067 ille
1774 2000 2023 2084 quidem
2065 2002 2227 2067 hanc
2265 2002 2483 2068 solam.

647 2115 761 2180 His
804 2115 957 2183 locis
998 2117 1172 2183 notio
1209 2116 1447 2194 orandi,
1501 2135 1665 2199 quae
1706 2118 1979 2198 genuina
2016 2122 2117 2182 est
2157 2116 2333 2183 verbi
2377 2116 2699 2199 ,obsecro‘,

475 2229 663 2311 plane
707 2231 964 2296 evanuit
1006 2237 1074 2297 et
1114 2231 1376 2298 verbum
1419 2249 1614 2313 prope
1664 2230 1747 2296 ad
1804 2231 1929 2296 vim
1976 2231 2331 2313 particulae
2388 2232 2698 2298 exclama-

477 2343 666 2410 tionis
728 2345 973 2412 accedit
987 2347 1056 2429 ³).
1142 2347 1428 2429 Denique
1500 2364 1826 2412 monemus
1892 2353 1967 2412 ut
2028 2345 2206 2412 verbi
2268 2351 2540 2429 ,quaeso‘
2604 2347 2697 2412 ita

480 2457 656 2524 verbi
701 2456 996 2538 ,obsecro‘
1061 2459 1259 2525 solam
1301 2458 1462 2525 hanc
1503 2457 1768 2524 formam
1815 2459 2115 2539 temporis
2158 2460 2511 2541 praesentis
2550 2479 2695 2544 per-

478 2571 694 2637 sonam
757 2573 1024 2654 primam
1085 2573 1420 2654 singularis
1473 2574 1720 2639 numeri
1778 2577 1846 2638 et
1900 2572 2066 2654 apud
2120 2573 2359 2654 priscos
2411 2579 2478 2639 et
2527 2573 2695 2656 apud

476 2687 860 2768 posteriores
903 2687 1242 2768 scriptores
1284 2690 1671 2768 paratactice
1715 2687 1984 2769 positam
2026 2687 2311 2768 inveniri,
2384 2687 2560 2754 cuius
2597 2688 2711 2753 rei

478 2819 731 2867 causam
771 2801 838 2867 in
880 2801 1170 2868 liberiore
1213 2802 1522 2868 sermonis
1563 2803 1798 2867 alterni
1836 2802 2082 2868 ratione
2105 2801 2531 2883 quaerendam
2554 2820 2694 2868 esse

477 2919 602 2984 iam
643 2921 833 3001 supra
875 2922 964 3001 (p.
1009 2923 1091 2983 25
1133 2921 1254 3002 sq.)
1299 2920 1715 3001 exposuimus.
1804 2919 2009 3002 (Aliae
2048 2919 2233 2984 huius
2254 2918 2428 2985 verbi
2455 2919 2693 2986 formae

477 3033 606 3097 iam
647 3032 815 3114 apud
859 3032 1226 3098 Terentium
1271 3032 1502 3115 ubique
1530 3037 1919 3098 structuram
1947 3032 2411 3113 hypotacticam
2439 3031 2691 3114 habent,

477 3148 656 3213 velut
695 3149 849 3214 Hec.
893 3151 1035 3213 387.
1080 3148 1330 3213 Phorm.
1377 3150 1545 3230 112).

651 3262 878 3328 Rarius
920 3279 1108 3344 quam
1154 3261 1422 3343 ,quaeso'
1480 3267 1546 3327 et
1591 3259 1888 3340 ,obsecro‘
1933 3259 2195 3326 verbum
2236 3265 2382 3340 ,oro‘
2425 3261 2694 3342 impera-

479 3376 608 3442 tivo
650 3375 966 3441 adiectum
1009 3381 1140 3441 est:

688 3495 691 3498 ’
812 3489 972 3555 Eun.
1017 3491 1161 3556 912.
1204 3488 1387 3554 Move
1431 3494 1497 3554 te
1539 3505 1648 3554 oro
1692 3486 1883 3568 ociuS,
1920 3494 1931 3568 ι
1970 3488 2115 3553 Mea
2158 3489 2387 3555 nutrix.

644 3606 1114 3687 (Accusativum
1159 3608 1264 3686 ,te‘
1309 3623 1385 3669 ex
1410 3603 1783 3685 imperativo
1827 3609 2045 3683 ,move‘
2088 3604 2367 3685 pendere
2395 3603 2692 3671 docemur

479 3719 676 3786 Andr.
722 3740 780 3786 v.
827 3723 947 3785 731
995 3720 1179 3786 Move
1223 3719 1396 3785 ocius
1440 3723 1507 3784 te
1549 3768 1565 3784 .
1612 3771 1627 3784 .
1673 3719 1715 3800 .)

813 3835 1007 3902 Andr.
1055 3840 1178 3904 595
1219 3855 1312 3919 sq.
1357 3836 1441 3904 Si.
1485 3835 1666 3901 Nunc
1694 3841 1763 3900 te
1790 3854 1921 3916 oro,
1963 3834 2159 3915 Dave,
2204 3835 2494 3918 quoniam
2523 3836 2693 3901 solus

1615 3949 1701 4013 mi
1746 3949 2007 4016 effecisti
2048 3928 2164 4015 has
2207 3949 2479 4032 nuptiaS,

623 4206 676 4274 1)
716 4206 787 4263 cf.
827 4206 1028 4262 Holtze
1066 4206 1141 4260 II.
1181 4206 1304 4261 281.

497 4333 505 4340 ·
619 4311 680 4378 2)
717 4309 783 4364 ef.
823 4310 1053 4366 Ktihner
1087 4310 1162 4364 II.
1203 4310 1308 4365 759
1344 4309 1470 4366 adn.
1511 4311 1559 4364 3.
1635 4311 1889 4380 Draeger
1925 4308 1987 4378 S.·
2014 4309 2136 4377 369,
2177 4307 2262 4362 15.

621 4412 680 4486 3)
717 4412 785 4470 cf.
825 4413 1076 4486 Langen,
1113 4413 1152 4470 1.
1189 4413 1227 4469 1.
1264 4430 1318 4488 p.
1357 4413 1484 4470 329.
