3300 4984
1426 390 1552 452 '--
1639 405 1763 470 110
1843 440 1929 452 -

923 579 1175 647 Phorm.
1217 581 1343 646 266
1384 599 1477 663 sq.
1549 581 1667 648 Hie
1722 581 1787 647 in
1845 584 2122 668 nomast,
2194 581 2304 648 ille
2352 581 2435 648 ad
2478 581 2806 650 dicendam

1996 689 2003 694 ’
2081 715 2336 766 oausam
2376 698 2594 784 adest3

1011 812 1214 889 Quom
1253 811 1428 878 illest
1443 862 1458 893 ‚
1500 813 1602 878 hic
1643 818 1964 896 praestost
2005 861 2022 880 .
2068 863 2085 882 .
2127 864 2144 882 .

755 925 1006 1008 vigoris
1045 924 1360 994 efficiendi
1402 945 1593 994 causa
1650 928 1845 996 etiam
1884 929 2053 1012 apud
2092 927 2429 998 Horatium
2482 931 2805 1013 parataxis

588 1039 958 1123 temporalis
1003 1040 1309 1106 occurrit:

923 1172 1020 1237 ep.
1062 1154 1113 1236 Ι,
1155 1156 1214 1235 6,
1259 1158 1342 1221 56
1382 1173 1476 1239 sq.
1519 1155 1589 1222 Si
1628 1156 1792 1224 bene
1834 1158 1941 1241 qui
1982 1162 2171 1226 cenat
2196 1157 2359 1226 bene
2400 1156 2572 1239 vivit,
2612 1157 2802 1238 lucet,

2376 1288 2593 1338 eamus

1009 1383 1146 1464 Quo
1186 1381 1362 1451 ducit
1401 1382 1552 1466 gula
1589 1433 1606 1452 .
1654 1437 1669 1451 .
1714 1434 1730 1451 .

588 1495 696 1562 ubi
737 1496 944 1577 ‚lucet‘
991 1495 1303 1564 enuntiati
1345 1496 1713 1580 temporalis
1754 1498 1889 1565 loeo
1933 1498 2333 1582 ,simulatque
2371 1498 2598 1567 illuxit‘
2640 1500 2802 1582 posi-

587 1614 724 1677 tum
767 1617 883 1677 est.
1570 1607 1576 1612 ’

753 1725 846 1793 Ut
884 1726 1052 1807 apud
1097 1725 1394 1793 Plautum
1435 1727 1525 1793 sic
1562 1727 1629 1793 in
1652 1727 1913 1793 Terenti
1953 1725 2182 1793 fabulis
2219 1727 2338 1793 hoc
2379 1744 2579 1808 genus
2620 1744 2801 1809 para-

585 1839 750 1906 taxis
791 1840 1177 1907 creberrime
1215 1842 1538 1907 invenitur
1589 1841 2052 1908 narrationibus
2109 1830 2419 1908 contin'uis
2469 1841 2799 1908 intextum.

585 1955 661 2020 In
702 1954 800 2020 his
843 1954 1008 2038 quod
1051 1956 1334 2039 inprimis
1378 1957 1657 2038 vigorem
1700 1957 2007 2023 sermonis
2050 1955 2348 2022 cotidiani
2388 1956 2624 2022 imitari
2664 1960 2799 2022 stu-

585 2067 699 2134 det
739 2073 948 2150 poeta,
1012 2069 1322 2135 rationem
1366 2088 1488 2153 qua
1529 2070 1819 2152 singulae
1858 2069 2215 2135 sententiae
2256 2070 2426 2134 inter
2466 2076 2535 2134 te
2578 2069 2818 2136 mbae--

584 2187 789 2262 reant,
833 2183 1102 2248 maxime
1143 2184 1482 2265 neglegere
1524 2185 1704 2265 solet,
1776 2190 1849 2250 ut
1902 2183 2092 2250 nullis
2144 2182 2281 2249 fere
2324 2182 2441 2249 nisi
2485 2184 2799 2265 primariis

587 2295 933 2362 enuntiatis
973 2295 1174 2378 iisque
1227 2297 1490 2364 concisis
1541 2298 1605 2363 in
1663 2297 1755 2363 eis
1807 2301 2031 2363 utatur
2053 2297 2127 2381 1).
2214 2297 2389 2375 Quae
2443 2303 2623 2364 recte
2676 2298 2800 2365 diei

585 2414 659 2475 ut
701 2426 1058 2490 cognoscas,
1121 2410 1432 2490 inspicere
1476 2411 1632 2478 satis
1678 2416 1775 2476 est
1815 2411 1931 2476 hos
1973 2411 2173 2478 locos:
2258 2409 2453 2477 Andr.
2501 2412 2621 2477 108
2662 2429 2797 2494 sqq.

589 2525 708 2588 127
751 2542 885 2608 sqq.
931 2525 1051 2590 221
1095 2542 1230 2607 sqq.
1279 2527 1405 2590 284
1445 2543 1579 2608 sqq.
1634 2527 1756 2590 923
1799 2543 1931 2607 sqq.
1990 2523 2213 2606 quibus
2242 2542 2346 2590 =ex
2399 2523 2632 2592 ceteris
2682 2524 2800 2590 Te-

579 2639 750 2706 renti
785 2637 1015 2705 fabulis
1056 2639 1288 2706 multos
1329 2637 1566 2705 addere
1608 2657 1961 2721 possumus.

743 2751 818 2818 In
859 2752 957 2818 his
999 2751 1466 2819 narrationibus
1509 2753 1702 2818 etiam
1745 2751 1919 2817 illam
1949 2751 2270 2834 parataxis
2308 2749 2591 2834 formam,
2637 2771 2797 2835 quae

577 2886 694 2950 pro
741 2866 1086 2933 enuntiatis
1128 2867 1412 2933 relativis
1454 2865 1812 2946 adhibetur,
1858 2866 2227 2947 saepissime
2268 2885 2602 2933 occurrere
2630 2885 2795 2933 com-

580 2999 1019 3048 memoremus,
1108 2980 1261 3046 Cum
1307 2986 1524 3046 autem
1569 2981 1821 3046 omnino
1864 2998 1989 3047 non
2030 2980 2169 3046 fieri
2208 2981 2409 3063 possit
2424 3032 2439 3060 ‚
2509 2985 2585 3046 ut
2623 2999 2796 3046 mon-

576 3102 883 3177 stremu8‚
951 3114 1075 3178 qua
1129 3095 1375 3162 ratione
1431 3095 1768 3161 Terentius
1794 3161 1798 3173 ,
1820 3096 1886 3160 in
1946 3114 2023 3160 ea
2079 3093 2433 3161 adhibenda
2483 3112 2636 3160 usus
2691 3095 2796 3176 sit,

577 3211 825 3292 singula
867 3210 1157 3292 exempla
1185 3209 1413 3276 afferre
1443 3209 1809 3276 omittimus.
1900 3208 2152 3294 (Holtze
2186 3207 2291 3294 (11,
2337 3207 2487 3286 232)
2529 3207 2610 3274 ad
2633 3207 2793 3274 hanc

577 3326 897 3408 parataxis
939 3323 1204 3392 formam
1248 3324 1672 3390 revocandum
1714 3341 1855 3390 esse
1918 3322 2192 3389 affirmat
2247 3322 2510 3404 Adelph.
2550 3341 2608 3388 v.
2652 3323 2793 3402 212,

576 3438 685 3506 ubi
724 3456 840 3520 per
883 3438 1364 3519 comparationis
1408 3439 1783 3520 particulam
1844 3440 2071 3521 ‚quam‘
2131 3454 2505 3520 praegresso
2547 3452 2793 3516 compa-

576 3551 780 3618 rativo
822 3551 1123 3633 primaria
1166 3550 1516 3616 enuntiatio
1557 3549 1830 3617 formata
1868 3551 1971 3632 sit,
2029 3567 2196 3633 quae
2240 3547 2611 3616 secundaria
2653 3564 2792 3614 esse

575 3664 842 3733 deberet
859 3687 874 3731 ε

999 3895 1429 3963 Certationem
1473 3899 1919 3976 comparatam,
1968 3912 2159 3979 quam
2200 3891 2360 3959 haee
2400 3889 2585 3957 hodie
2623 3889 2793 3955 inter

2285 4023 2399 4073 nos
2439 4002 2577 4070 fuit.

578 4124 686 4194 ubi
729 4127 1082 4207 exspectari
1125 4143 1328 4209 ,quam
1376 4127 1559 4208 quae‘
1603 4123 1845 4206 adicit.)

724 4364 777 4433 1)
818 4364 886 4423 of.
923 4363 1163 4438 Spengel
1201 4365 1273 4422 ad
1321 4365 1492 4420 Andr.
1548 4363 1650 4421 108
1701 4369 1761 4420 et
1796 4364 1902 4420 223
1916 4382 1932 4434 ;
1991 4360 2085 4432 qui
2134 4359 2365 4418 similem
2413 4369 2571 4412 usum
2618 4367 2787 4433 saepe

576 4464 814 4543 inveniri
850 4468 1089 4540 adnotat
1123 4467 1184 4538 in
1219 4466 1501 4528 Ciceronis
1537 4464 1809 4552 epistolis.
