3300 4984
1372 371 1845 438 --13-·

465 552 749 620 oratione
791 559 969 620 recta
1008 545 1274 636 prolatis
1315 552 1475 620 adici
1505 553 1730 636 solent,
1760 571 1965 638 neque
1992 553 2331 636 quidquam
2373 553 2684 619 interesse

466 674 757 750 apertum
801 676 918 749 est,
965 675 1182 736 utrum
1220 670 1350 750 illa,
1397 688 1558 752 quae
1599 670 1721 736 huc
1751 670 2091 751 pertinent,
2134 668 2329 735 verba
2358 670 2686 735 enuntiato

464 782 764 865 primario
823 783 1066 850 inserta
1135 801 1217 849 an
1281 783 1634 866 postposita
1704 783 1849 850 sint.
1937 785 2081 850 Solo
2142 783 2309 849 vocis
2374 801 2524 848 sono
2584 783 2685 847 vel

463 898 672 979 potius
713 916 867 965 sono
908 891 1198 980 'neglecto
1241 899 1553 965 enuntiati
1593 898 1949 965 secundarii
1991 899 2127 965 loco
2166 903 2379 964 mente
2423 895 2679 964 subiun-

464 1017 704 1094 guntur
724 1015 778 1095 1)
834 1013 894 1078 ei
947 1015 1322 1093 sententiae,
1377 1031 1538 1098 quae
1595 1014 1849 1080 maioris
1904 1013 1991 1080 sit
2043 1014 2361 1079 momenti.
2450 1012 2683 1079 Contra

462 1126 542 1192 iis
613 1126 764 1194 locis
781 1178 797 1208 ,
871 1127 1097 1211 quibus
1167 1126 1431 1194 verbum
1487 1126 1865 1193 declarandi
1936 1128 2037 1193 vel
2116 1125 2434 1220 sentiendi
2498 1125 2683 1191 alteri

466 1244 794 1310 enuntiato
852 1243 1296 1324 praeponitur,
1354 1242 1728 1324 plerumque
1780 1241 1899 1308 hoc
1958 1260 2035 1307 ex
2090 1242 2198 1307 illo
2246 1240 2525 1323 pendere
2582 1259 2684 1304 ex-

462 1360 856 1440 spectamus,
927 1362 1000 1422 ut
1073 1357 1468 1423 enuntiatum
1532 1357 1903 1438 primarium
1921 1407 1937 1437 ,
2014 1355 2179 1439 quod
2257 1351 2486 1422 obiecti
2547 1355 2681 1420 vice

464 1470 778 1552 fungitur,
839 1469 1150 1536 enuntiati
1193 1468 1578 1536 substantivi
1620 1470 1755 1536 loco
1800 1487 1940 1534 esse
1982 1469 2475 1551 pronuntiemus,
2561 1468 2683 1533 Ad-

464 1582 741 1652 dendum
816 1591 943 1665 est,
1031 1583 1318 1651 omnibus
1382 1585 1636 1666 linguae
1706 1584 2025 1651 aetatibus
2103 1585 2271 1666 apud
2342 1584 2684 1666 scriptores

461 1718 690 1772 omnes,
718 1697 1129 1782 parenthesin
1173 1717 1358 1765 suum
1398 1699 1603 1764 locum
1632 1697 1975 1765 obtinuisse
2005 1702 2073 1763 et
2112 1698 2229 1764 hoc
2257 1679 2682 1779 paratacticae

460 1819 823 1880 structurae
858 1831 1058 1894 genus
1100 1812 1304 1878 solum
1344 1812 1480 1878 fere
1512 1817 1838 1878 servatum
1880 1831 2040 1890 esse,
2085 1810 2241 1878 alias
2272 1811 2407 1900 eius
2449 1810 2681 1877 formas

459 1910 660 2010 magis
705 1927 1027 2010 magisque
1071 1926 1240 2009 apud
1282 1928 1667 2010 posteriores
1707 1927 2048 2008 scriptores
2091 1927 2437 1992 evanuisse.

558 2095 562 2099 .
625 2041 862 2122 Quibus
905 2041 1266 2123 praemissis
1309 2041 1391 2106 ad
1432 2043 1569 2123 ipsa
1608 2041 1932 2123 parataxis
1970 2041 2261 2121 exempla
2288 2038 2678 2108 accedamus
2716 2027 2726 2037 ’

457 2155 644 2221 Haud
705 2156 800 2221 ita
863 2155 1085 2222 crebro
1143 2157 1586 2238 paratacticae.
1636 2161 2001 2222 structurae
2064 2174 2217 2222 usus
2279 2156 2556 2221 occurrit
2616 2156 2676 2219 in

459 2268 674 2335 verbis
739 2269 1016 2350 dicendi,
1076 2271 1128 2336 si
1182 2269 1324 2335 illos
1377 2270 1546 2335 locos
1599 2270 1981 2349 omittimus,
2036 2268 2261 2352 quibus
2319 2267 2515 2334 verba
2553 2269 2679 2333 iam

457 2390 646 2449 antea
687 2382 859 2449 dicta
900 2384 1002 2450 vel
1045 2382 1379 2467 aliquando
1435 2383 1701 2449 dicenda
1751 2384 1843 2449 ita
1885 2385 2323 2466 proferuntur,
2381 2388 2454 2449 ut
2509 2382 2678 2449 dicta

461 2508 612 2567 sunt
672 2500 771 2566 vel
837 2500 1100 2568 dicenda
1165 2506 1370 2567 erunt.
1477 2500 1659 2565 Hanc
1736 2501 2037 2566 orationis
2106 2506 2325 2578 rectae
2390 2499 2674 2580 formam,

458 2632 621 2696 quae
682 2614 932 2680 omnino
1009 2634 1131 2680 non
1203 2613 1284 2679 ab
1351 2613 1587 2679 usitato
1654 2614 1928 2680 omnium
1998 2614 2375 2695 scriptorum
2444 2632 2677 2694 genere

458 2727 704 2793 dicendi
757 2727 1087 2810 abhorret,
1151 2727 1231 2792 ad
1283 2728 1614 2808 parataxin
1669 2747 1793 2793 non
1852 2746 2001 2793 vere
2058 2746 2198 2793 esse
2260 2727 2674 2793 revocandam

455 2844 582 2909 iam
639 2861 831 2925 supra
885 2843 1054 2927 (pag.
1113 2845 1222 2924 11)
1280 2842 1858 2909 animadvertimus.
1958 2843 2271 2909 Ponamus
2340 2843 2537 2926 igitur
2601 2862 2676 2908 ea

457 2961 706 3024 tantum
749 2958 1053 3038 exempla,
1098 2952 1204 3022 ubi
1249 2974 1390 3022 cum
1434 2955 1627 3022 verbo
1668 2956 1915 3023 dicendi
1958 2943 2356 3023 enuntiatum
2396 2957 2670 3023 alterum
2718 2936 2721 2940 Δ

455 3073 855 3139 coniunctum
914 3076 1013 3137 est
1053 3072 1417 3154 primarium
1434 3123 1449 3152 ,
1513 3071 1691 3137 cuius
1744 3072 1879 3138 loco
1934 3072 2330 3138 enuntiatum
2385 3071 2675 3138 substan-

455 3186 652 3252 tivum
697 3205 773 3250 ex
819 3183 1011 3251 verbo
1056 3183 1415 3267 dependere
1460 3191 1915 3266 exspectamus..

621 3297 904 3365 Verbum
966 3298 1141 3378 ‚dico‘
1207 3296 1412 3378 ipsum
1468 3317 1664 3365 unum
1722 3299 2028 3366 eiusmodi
2085 3301 2439 3383 exemplum
2504 3300 2668 3382 apud

455 3413 822 3479 Terentium
873 3411 1166 3494 praebet:
1238 3412 1396 3478 Eun.
1445 3414 1586 3478 379.
1678 3411 1833 3494 ,Tibi
1891 3413 2180 3497 equidem
2224 3414 2393 3495 dicO,
2448 3418 2671 3480 mane‘.

453 3526 672 3608 (,Dico‘
714 3527 831 3593 hoc
872 3526 1009 3594 loco
1051 3528 1176 3605 vim
1204 3525 1381 3592 verbi
1422 3528 1773 3610 imperandi
1802 3527 2016 3610 habet,
2059 3536 2132 3595 ut
2160 3529 2477 3595 sententia
2505 3529 2670 3595 idem

415 3642 697 3724 valeat,
758 3642 919 3726 quod
981 3642 1118 3723 ,tibi
1173 3643 1448 3724 impero,
1504 3650 1578 3709 ut
1631 3651 1928 3711 maneas‘.
2013 3645 2395 3727 Imperativo
2452 3651 2665 3710 autem

451 3757 655 3823 solute
695 3757 899 3839 posito
941 3757 1243 3823 maiorem
1282 3775 1425 3823 esse
1467 3757 1593 3823 vim
1636 3763 1929 3840 apertum
1973 3764 2089 3838 est,
2121 3777 2309 3844 quam
2350 3760 2405 3824 si
2434 3757 2667 3839 depen-

351 3853 356 3859 ’
451 3870 600 3936 deat
642 3869 721 3936 ab
763 3869 956 3936 verbo
1008 3870 1257 3937 dicendi
1299 3872 1733 3938 coniunctione
1787 3877 1899 3953 ,ut‘
1943 3872 2277 3955 apposita).
2360 3871 2477 3937 Cui
2528 3873 2670 3937 usui

450 3984 813 4051 conferendi
877 3992 1025 4051 sunt
1091 3986 1214 4052 duo
1276 3986 1498 4052 Afrani
1550 3986 1697 4068 loci,
1774 3986 1999 4070 quibus
2069 3993 2137 4053 et
2198 3987 2351 4068 ipsis
2408 3986 2668 4053 verbum

452 4087 626 4180 ,dico‘
670 4097 1021 4182 imperandi
1065 4100 1381 4167 notionem
1420 4101 1736 4174 continet:

549 4415 556 4422 .
596 4369 653 4440 1)
693 4369 760 4424 cf.
801 4370 979 4439 Jolly,
1030 4369 1133 4426 Die
1180 4371 1491 4428 einfachste
1537 4371 1703 4428 Form
1751 4374 1850 4429 der
1884 4374 2222 4452 Ennianis,
2278 4391 2408 4452 pag.
2447 4375 2553 4430 222
2605 4381 2665 4434 et

449 4473 556 4530 227
591 4490 673 4543 sq.
712 4473 830 4542 (ubi
864 4480 1092 4538 nostrae
1127 4476 1356 4551 linguae
1392 4491 1525 4536 usus
1561 4477 1905 4548 arcessitur).
2676 4465 2682 4473 ’
