3300 4984
1443 358 1863 424 -42-..

582 517 588 524 ⁸
622 540 629 549 “
705 541 858 607 Brix
901 539 999 606 ad‘
1023 538 1190 604 Men.
1233 542 1378 606 422.
1421 540 1760 606 Forcellini
1801 538 2059 619 lexicon,
2103 543 2177 604 ut
2217 537 2452 620 opinor,
2500 541 2758 603 secutus

538 656 874 722 formulam
937 653 1201 734 ,31113110ι
1271 653 1478 719 verbis
1544 657 1851 732 ,amanter
1913 651 2165 733 rogabo‘
2230 651 2519 732 explicat.
2618 649 2759 715 Etsi

541 771 935 837 concedimus
977 770 1138 834 hanc
1181 767 1318 833 fere
1361 786 1501 834 esse
1541 765 1849 833 formulae
1892 767 2237 858 notionem,
2306 773 2521 830 tamen
2564 781 2758 846 quae-

539 885 806 950 rendum
857 889 976 958 est,
1021 883 1188 948 unde
1229 881 1294 946 id
1335 881 1470 947 fieri
1511 881 1731 964 possit,
1782 886 1855 946 ut
1898 879 2158 946 verbum
2215 883 2468 959 ,amare‘
2522 877 2758 960 signifi-

542 999 851 1064 cationem
893 995 1157 1078 rogandi
1196 996 1482 1076 accipiat,
1525 1013 1731 1076 neque
1772 993 1929 1060 satis
1966 994 2084 1059 hoc
2126 993 2460 1076 expeditur
2499 991 2577 1058 iis
2606 992 2757 1057 locis

541 1109 952 1188 conferendis,
997 1109 1106 1176 ubi
1151 1108 1410 1188 ,amabo‘
1436 1110 1832 1175 enuntiatum
1851 1107 2295 1174 secundarium
2325 1105 2757 1173 coniunctione

544 1228 658 1305 ‚ut‘
703 1242 1006 1290 conexum
1048 1222 1260 1303 efficit,
1326 1223 1704 1304 praesertim
1746 1203 1885 1288 cum
1944 1221 2145 1287 futuri
2196 1220 2496 1302 temporis
2536 1237 2690 1286 usus
2710 1221 2759 1299 ¹)

542 1340 708 1405 unde
724 1345 903 1405 ortus
917 1339 1020 1414 sit,
1039 1338 1360 1420 explanari
1374 1337 1618 1404 debeat.
1646 1337 1873 1402 Holtze
1892 1337 1980 1419 (II
2006 1342 2034 1400 1
2044 1337 2149 1420 60)
2168 1335 2250 1400 ad
2262 1333 2759 1400 Lindemannum

542 1454 813 1535 delegat,
859 1453 962 1535 qui
1006 1452 1086 1518 ad
1131 1453 1336 1519 Plaut.
1363 1451 1494 1517 Mil.
1528 1450 1621 1516 III
1668 1453 1726 1530 3,
1769 1453 1851 1515 26
1896 1449 2072 1534 (900)
2114 1430 2449 1515 formulam
2494 1437 2755 1528 ,amabo‘

539 1585 656 1650 per
699 1567 945 1648 ellipsin
988 1567 1088 1632 ita.
1122 1565 1552 1648 explicandam
1596 1542 1802 1630 ducit':
1848 1563 2089 1642 ‚amabo
2130 1568 2215 1644 te,
2258 1563 2313 1628 si
2354 1561 2545 1642 dicas,
2589 1560 2755 1644 quod

539 1699 792 1764 quaero,
835 1680 1049 1760 facias,
1093 1681 1257 1764 quod
1305 1682 1484 1747 volo‘.
1569 1679 1747 1745 Idem
1788 1679 1985 1746 sentit
2026 1679 2305 1760 Langen,
2350 1678 2458 1760 qui
2499 1655 2585 1760 (p.
2630 1679 2760 1743 290

538 1801 658 1882 sq.)
703 1798 1071 1865 vocabulum
1119 1799 1377 1878 ,amabo
1432 1797 1687 1864 notione
1731 1796 1907 1862 verbi
1946 1792 2165 1863 orandi
2207 1795 2566 1876 praeditum
2612 1811 2755 1859 cen-

541 1919 675 1980 tum
729 1913 865 1979 fere
921 1913 1074 1980 locis
1131 1913 1442 1979 Plautinis
1497 1911 1765 1994 reperiri
1816 1916 2264 1977 commemorat
2328 1915 2395 1976 et
2456 1906 2757 1990 temporis

538 2017 737 2094 futuri
792 2045 976 2093 usum
1038 2028 1401 2093 enucleasse
1445 2028 1602 2094 satis
1655 2026 1850 2093 habet
1901 2025 2132 2092 additis
2194 2031 2449 2092 nostrae
2501 2024 2756 2106 linguae

537 2140 780 2206 verbis:
827 2141 958 2220 ,Ich
1000 2139 1212 2206 werde
1259 2141 1400 2206 dich
1441 2141 1668 2221 lieben,
1713 2157 1891 2205 wenn
1932 2139 2019 2204 du
2065 2137 2199 2204 dies
2244 2138 2462 2204 thust‘.
2554 2136 2754 2215 Quam

539 2255 890 2339 explicandi
931 2255 1245 2322 rationem
1291 2256 1447 2321 satis
1490 2256 1745 2338 placere
1790 2252 2181 2334 confitemur,
2225 2252 2339 2319 sed
2384 2250 2629 2333 ellipsin
2658 2268 2757 2315 ar-

538 2368 909 2436 cessendum
953 2387 1092 2435 esse
1135 2387 1456 2451 negamus.
1541 2370 1739 2434 Immo
1781 2367 2038 2434 dubium
2076 2386 2201 2433 non
2259 2385 2399 2433 esse
2450 2364 2626 2432 nobis
2668 2363 2756 2430 vi-

535 2483 740 2564 detur,
783 2483 929 2564 quin
954 2482 1259 2548 formulae
1302 2481 1568 2562 ,amabo‘
1607 2500 1761 2548 usus
1781 2481 1860 2547 ad
1883 2482 2335 2563 paratacticam
2352 2483 2751 2546 structuram

537 2597 928 2663 revocandus
969 2597 1070 2678 sit,
1137 2602 1212 2663 ut
1265 2597 1727 2678 imperativum,
1791 2597 1889 2662 0111
1930 2597 2041 2661 1113
2084 2596 2375 2676 adicitur,
2444 2593 2757 2662 enuntiati

537 2710 993 2792 condicionalis,
1037 2716 1110 2776 ut
1147 2711 1240 2776 ita
1282 2711 1502 2792 dicam,
1548 2728 1811 2776 munere
1853 2709 2029 2791 fungi
2050 2716 2238 2790 putes
2269 2715 2335 2775 et
2365 2709 2483 2790 ‚fac
2508 2708 2749 2774 amabo‘

536 2824 708 2890 idem
745 2823 830 2889 sit
872 2823 1036 2906 quod
1080 2824 1154 2904 ,si
1195 2823 1407 2904 facies,
1452 2822 1674 2890 amabo
1718 2823 1861 2908 (te)‘
1878 2824 1951 2906 2).
2040 2823 2223 2889 Unde
2279 2823 2515 2888 nullam
2563 2823 2747 2887 aliam

537 2938 803 3004 formam
845 2955 1034 3020 quam
1075 2937 1360 3004 futurum
1418 2937 1677 3019 ,amabo‘
1731 2938 1851 3004 hac
1906 2937 2355 3021 significatione
2396 2935 2748 3020 praeditam

539 3071 681 3120 esse
721 3059 1012 3134 apertum
1057 3059 1188 3120 est:
1261 3055 1394 3120 Usu
1450 3054 1636 3134 longo
1693 3053 1929 3121 factum
1987 3073 2126 3120 esse
2180 3052 2610 3119 Lindemanno
2653 3069 2750 3116 as-

537 3167 866 3250 sentimur,
909 3175 982 3235 ut
1025 3167 1294 3235 formula
1350 3168 1611 3250 ,amabo‘
1666 3169 1857 3235 etiam
1912 3169 2000 3235 sic
2056 3167 2430 3250 simpliciter
2475 3171 2749 3249 ponatur

536 3289 612 3349 ut
653 3301 924 3364 ,quaeso‚
978 3301 1222 3366 precor,
1280 3287 1429 3350 oro‘.
1515 3283 1736 3366 Neque
1796 3285 2021 3349 mirum
2076 3290 2207 3363 est,
2278 3283 2443 3365 quod
2500 3281 2751 3364 perdita

537 3396 810 3479 genuina
852 3396 1026 3462 verbi
1066 3377 1318 3462 notione
1375 3397 1565 3463 etiam
1621 3398 1972 3464 coniunctio
2028 3400 2140 3478 ,ut‘
2196 3385 2437 3479 pariter
2478 3401 2669 3478 atque
2710 3414 2751 3460 a

536 3508 746 3576 verbis
787 3509 1009 3575 orandi
1049 3529 1088 3575 a
1129 3510 1399 3576 formula
1441 3510 1703 3592 ,amabo‘
1750 3511 2081 3592 dependet.
2170 3510 2352 3592 Apud
2376 3509 2750 3574 Terentium

537 3642 700 3690 unus
743 3623 1048 3690 eiusmodi
1088 3625 1262 3692 locus
1303 3631 1544 3692 exstat:

865 3736 1026 3802 Eun.
1069 3741 1210 3804 537.
1252 3737 1497 3805 Amabo
1534 3744 1611 3805 ut
1649 3737 1799 3804 illuc
1839 3743 2129 3803 transeas
2168 3736 2277 3802 ubi
2316 3736 2505 3802 illast.

702 3849 1028 3917 Addamus
1047 3850 1232 3934 hunc,
1276 3871 1464 3935 quem
1487 3852 1897 3934 exposuimus,
1943 3850 2251 3917 formulae
2282 3847 2544 3930 ,amabo‘
2566 3865 2749 3914 usum

547 4123 552 4128 ’
682 4131 737 4200 1)
777 4131 848 4186 cf.
886 4148 1026 4199 quae
1063 4132 1333 4189 Dombart
1369 4133 1426 4189 in
1463 4131 1660 4190 Philol.
1690 4132 1777 4204 28,
1814 4150 1948 4204 pag.
1969 4133 2074 4189 738
2110 4129 2362 4203 scripsit:
2399 4129 2475 4187 Es
2511 4125 2587 4186 ist
2624 4129 2747 4186 eine

539 4233 668 4291 sehr
706 4235 822 4289 alte
860 4233 1278 4308 Beobachtung‚
1343 4237 1472 4292 dass
1523 4237 1754 4305 ,amabo⁴
1791 4237 1915 4293 eine
1953 4236 2139 4303 Bitte,
2193 4237 2351 4303 ‚amo‘
2391 4235 2551 4290 einen
2586 4233 2749 4289 Dank

535 4335 856 4394 ausdruckt.

681 4439 738 4516 2)
773 4436 848 4499 cf.
883 4439 1028 4512 quod
1062 4438 1212 4497 infra
1245 4437 1458 4496 dictum
1493 4445 1583 4499 est
1617 4439 1687 4498 de
1724 4445 1915 4500 enunt.
1950 4438 2160 4500 00111110.
