3300 4984
1469 353 1567 374 -,
1634 319 1719 384 38
1798 353 1887 371 ...-

995 490 1110 557 Da.
1178 491 1313 574 Ego
1369 511 1518 564 vero
1576 495 1763 560 solus.
1874 496 1957 562 Si.
2021 499 2282 578 gnatum
2335 497 2421 562 mi
2472 496 2787 579 corrigere

845 675 850 682 ,
2078 629 2265 692 porro
2308 611 2574 678 enitere.

572 719 709 790 Hoc
751 718 956 787 altero
995 719 1132 788 loco
1171 721 1598 803 imperativus,
1653 722 1762 804 qui
1817 720 2079 789 verbum
2138 727 2286 804 ,oro‘
2349 742 2491 792 cum
2544 723 2789 792 obiecto

572 838 680 916 ,te‘
721 833 1120 902 coniunctum
1159 835 1470 901 enuntiati
1511 835 1869 904 secundarii
1910 837 2048 904 vice
2075 838 2381 921 sequitur,
2423 838 2787 921 aptissimus

570 951 691 1030 est,
731 947 902 1032 quod
941 946 1113 1014 aliud
1150 947 1546 1014 enuntiatum
1586 949 2029 1031 interpositum
2051 956 2153 1017 est
2174 950 2483 1034 simulque
2522 950 2787 1020 Simonis

568 1062 772 1132 oratio
810 1060 1021 1128 verbis
1060 1061 1222 1128 Davi
1262 1061 1713 1145 quodammodo
1754 1063 2239 1147 interrumpitur
2254 1064 2330 1150 ²).

736 1176 1180 1245 coniunctivae
1222 1177 1464 1244 solutus
1501 1177 1582 1243 ad
1614 1177 1878 1244 verbum
1922 1182 2070 1259 ,oro‘
2114 1197 2255 1245 cum
2278 1180 2634 1249 accusativo
2677 1185 2782 1264 ,te‘

569 1290 987 1365 antecedente
1025 1293 1422 1361 coniunctum
1466 1292 1742 1362 accedit:

900 1406 1106 1474 Porm.
1153 1408 1331 1472 1020.
1378 1407 1576 1485 Quam
1617 1405 1697 1473 ob
1734 1426 1872 1473 rem
1914 1413 1981 1473 te
2020 1427 2150 1489 oro,
2196 1416 2271 1475 ut
2312 1409 2439 1474 alia
2478 1408 2651 1475 facta
2671 1414 2784 1475 tua

1522 1526 1691 1602 sunt,
1733 1539 1934 1604 aequo
1976 1522 2183 1588 animo
2222 1521 2339 1588 hoc
2379 1521 2569 1590 feras,

903 1636 1058 1702 Hec.
1102 1637 1243 1702 721.
1306 1637 1394 1701 At
1442 1640 1513 1702 te
1564 1654 1675 1703 oro
1731 1654 1917 1717 porro
1972 1635 2038 1702 in
2095 1636 2213 1703 hac
2264 1656 2337 1703 re
2388 1637 2642 1704 adiutor
2695 1636 2783 1704 sis

2398 1752 2569 1820 mihi.

734 1865 958 1932 Plures
983 1868 1236 1932 exstant
1276 1865 1412 1943 loci,
1453 1865 1679 1948 quibus
1707 1865 1899 1932 verbo
1942 1869 2091 1948 ,oro‘
2136 1867 2532 1934 enuntiatum
2559 1884 2781 1934 secun-

565 1978 815 2046 darium
856 1979 1288 2046 coniunctione
1332 1985 1442 2061 ,ut‘
1486 1977 1903 2061 subiungitur.
1990 1978 2130 2046 Duo
2175 1999 2396 2048 eorum
2436 1998 2780 2063 pronomen

565 2094 1130 2164 demonstrativum
1151 2092 1388 2159 habent
1406 2099 1669 2176 praeter
1688 2094 2113 2161 accusativum
2135 2095 2290 2176 eius,
2335 2096 2443 2179 qui
2482 2101 2778 2178 rogatur:

897 2206 1091 2274 Andr.
1134 2208 1274 2274 556.
1318 2206 1454 2288 Em,
1496 2205 1563 2271 id
1603 2213 1672 2273 te
1717 2225 1828 2274 oro
1866 2211 1942 2274 ut
1982 2214 2132 2274 ante
2176 2226 2413 2276 eamus.

897 2321 1057 2388 Eun.
1099 2322 1277 2388 1084.
1321 2321 1533 2387 Unum
1576 2320 1775 2386 etiam
1816 2320 1933 2388 hoc
1974 2339 2085 2388 vos
2124 2339 2254 2402 oro,
2297 2328 2373 2389 ut
2414 2341 2517 2388 me
2564 2322 2630 2388 in
2672 2340 2778 2390 vo-

1615 2440 1822 2502 strum
1863 2453 2122 2519 gregem
2158 2444 2169 2518 Ι
2205 2436 2569 2519 RecipiatiS.

730 2549 1034 2620 Eiusdem
1074 2547 1327 2630 generis
1369 2552 1470 2614 est
1511 2566 1705 2614 unum
1750 2549 2123 2632 exemplum,
2165 2548 2273 2616 ubi
2302 2549 2615 2632 particula
2656 2550 2776 2629 ,ne‘

565 2664 875 2734 occurrit:

898 2776 1130 2844 Heaut.
1175 2779 1317 2844 633.
1359 2775 1638 2841 Primum
1681 2777 1799 2844 hoc
1841 2782 1907 2843 te
1951 2796 2081 2858 oro,
2124 2795 2206 2844 ne
2248 2777 2398 2860 quid
2426 2777 2651 2844 credas
2676 2793 2778 2842 me

912 2889 1247 2958 advorsum
1289 2890 1564 2957 edictum
1599 2898 1774 2957 tuom
1811 2894 1823 2973 Ι
1860 2891 2099 2958 Facere
2142 2910 2283 2958 esse
2324 2909 2565 2972 ausam.

730 3004 1082 3074 Pronomen
1118 3003 1685 3071 demonstrativum
1724 2983 1937 3072 abest:

895 3118 1089 3186 Andr.
1137 3121 1276 3185 834.
1317 3118 1443 3184 Per
1485 3137 1600 3200 ego
1643 3125 1712 3186 te
1753 3119 1905 3187 deos
1946 3138 2075 3202 oro,
2118 3125 2192 3186 ut
2235 3138 2315 3188 ne
2354 3119 2479 3187 illis
2502 3119 2781 3186 animum

878 3315 884 3321 ἣ
1811 3233 2071 3300 inducas
2113 3231 2374 3299 credere
2419 3281 2439 3299 .
2483 3281 2501 3300 .
2548 3282 2566 3300 .

899 3349 1057 3414 Eun.
1103 3349 1244 3415 885.
1287 3346 1468 3414 Nunc
1507 3365 1627 3430 ego
1670 3353 1735 3413 te
1779 3348 1844 3412 in
1886 3347 2006 3413 hac
2045 3348 2259 3416 remi
2308 3367 2420 3415 oro
2475 3354 2549 3414 ut
2604 3346 2783 3415 adiu-

2086 3462 2213 3533 trix
2254 3462 2383 3529 sies
2426 3511 2442 3530 .
2489 3515 2502 3528 .
2549 3513 2563 3529 .
2718 3535 2723 3542 .

729 3579 888 3647 Cum
928 3577 1133 3645 altero
1153 3576 1344 3645 verbo
1385 3577 1732 3660 (,postulo‘)
1776 3576 2175 3644 coniunctum
2202 3583 2304 3644 est
2328 3580 2473 3658 ,oro‘
2502 3577 2570 3642 in
2586 3576 2781 3646 Andr.

562 3714 621 3763 v.
663 3696 790 3761 823
829 3711 924 3778 sq.

708 3866 763 3939 1)
800 3865 868 3924 cf.
905 3866 1136 3934 Becker,
1186 3864 1225 3921 1.
1260 3864 1296 3923 1.
1333 3881 1386 3935 p.
1427 3864 1532 3919 123
1568 3862 1932 3934 ‚Laxissimus
1970 3903 1985 3918 .
2025 3903 2038 3918 .
2077 3901 2091 3918 .
2130 3867 2220 3919 est
2257 3860 2540 3918 enuntiati
2574 3863 2780 3934 prima·

561 3969 634 4028 rii
668 3975 730 4027 et
765 3968 1080 4027 secundarii
1117 3984 1354 4025 conexus
1390 3966 1449 4024 in
1486 3967 1767 4024 nonnullis
1806 3965 2086 4036 exemplis,
2143 3965 2238 4022 ubi
2293 3971 2395 4022 aut
2432 3967 2503 4022 ad
2541 3965 2783 4038 impera-

562 4073 740 4131 tivum
777 4071 1132 4131 enuntiatum
1167 4071 1466 4128 relativum
1503 4070 1723 4126 accedit
1758 4074 1861 4125 aut
1897 4069 2046 4124 inter
2082 4067 2473 4138 imperativum
2511 4074 2571 4124 et
2607 4068 2783 4126 inter-

560 4175 910 4249 rogationem
948 4173 1178 4231 tertium
1216 4173 1442 4243 aliquod
1463 4172 1819 4228 enuntiatum
1840 4170 2233 4241 interponitur,
2268 4186 2374 4238 quo
2394 4170 2783 4242 interrogatus

559 4280 938 4352 interroganti
975 4279 1249 4349 obstrepit
1287 4320 1302 4335 .
1341 4319 1354 4333 .
1394 4279 1427 4333 .‘
1501 4278 1655 4334 Idem
1711 4276 1828 4333 fere
1864 4276 1923 4332 in
1958 4277 2136 4332 locum
2170 4289 2340 4346 supra
2376 4275 2610 4331 allatum
2648 4289 2783 4344 qua—

561 4385 725 4448 drare
763 4385 1000 4445 videtur.
1043 4383 1115 4439 cf.
1150 4382 1498 4453 Heerdegen,
1535 4380 1574 4437 l.
1611 4375 1648 4438 1.
1686 4396 1741 4453 p.
1776 4379 1863 4446 33.
