3300 4984
1467 419 1882 485 ...32-

534 591 781 663 'nuisse
819 595 1080 663 Terenti
1122 599 1338 662 aetate
1361 598 1434 678 1),
1511 595 1633 662 etsi
1685 595 2063 663 monendum
2120 602 2237 678 est,
2299 595 2542 663 nullum
2582 597 2775 662 alium

568 710 994 777 accusativum
1037 727 1226 793 quam
1269 708 1460 791 ,deos‘
1491 727 1835 776 occurrere
1857 711 1927 794 2).
2015 709 2138 776 Ubi
2192 718 2407 776 autem
2464 709 2778 777 obiectum

568 823 760 892 verbo
801 823 1086 890 additum
1127 829 1245 904 est,
1284 824 1418 890 eius
1463 822 1556 890 vis
1599 824 1793 890 minui
1836 843 1959 891 non
1990 825 2215 906 potuit,
2258 824 2371 892 sed
2392 831 2778 892 structuram

569 938 1030 1024 hypotacticam
1077 937 1329 1005 efficere
1371 937 1590 1006 debuit
1608 943 1681 1020 ³).

735 1051 886 1119 Illos
927 1054 1101 1120 locos
1144 1051 1486 1131 Plautinos,
1536 1053 1642 1119 ubi
1685 1052 1851 1136 apud
1894 1053 2158 1120 verbum
2200 1043 2471 1137 ,quaeso‘
2511 1055 2781 1136 impera-

569 1167 686 1236 tivi
724 1167 858 1234 loco
902 1168 1330 1234 coniunctivus
1373 1168 1616 1251 positus
1660 1174 1776 1250 est,
1843 1167 2289 1236 Weissenborn
2330 1174 2501 1252 (pag.
2552 1171 2617 1249 9)
2658 1187 2783 1235 non

572 1279 653 1347 ad
697 1282 1079 1364 provinciam
1118 1300 1297 1348 suam
1340 1283 1664 1363 pertinere
1707 1282 2043 1350 existimat.
2128 1283 2313 1350 Hunc
2343 1284 2509 1350 enim
2531 1283 2784 1350 modum

571 1397 707 1464 sine
749 1400 1337 1494 coniunctionemt‘
1381 1405 1753 1482 usurpatum
1794 1405 1908 1466 aut
1970 1399 2051 1467 ad
2104 1400 2445 1483 hypotaxin
2490 1406 2785 1483 spectare

574 1518 686 1578 aut
729 1521 905 1578 certe
948 1514 1288 1580 transitum
1323 1515 1644 1596 parataxis
1666 1515 1732 1580 in
1767 1514 2108 1598 hypotaxin
2130 1513 2481 1596 significare
2509 1514 2786 1581 affirmat

574 1626 889 1694 Holtzium
934 1627 1216 1709 inprimis
1270 1633 1559 1712 secutuS,
1621 1629 1729 1711 qui
1774 1628 1877 1712 (II.
1930 1628 2074 1714 166)
2133 1629 2628 1696 coniunctionem
2672 1632 2784 1708 ,ut‘

573 1758 768 1823 saepe
805 1741 873 1806 in
916 1738 1446 1808 enuntiationibus
1490 1741 1813 1810 obiectivis
1871 1743 2078 1810 omitti
2132 1743 2455 1825 solumque
2498 1742 2786 1810 coniunc-

574 1858 773 1926 tivum
815 1858 962 1938 poni
999 1856 1272 1938 scripsit.
1357 1856 1482 1924 Sed
1539 1857 1747 1924 tribus
1788 1857 1913 1923 illis
1970 1858 2121 1926 locis
2135 1909 2150 1938 ,
2212 1875 2367 1941 quos
2421 1856 2787 1926 memoravi-

576 1989 736 2051 muS,
777 1969 1174 2038 Terentianis
1213 1967 1675 2038 coniunctivum
1731 1988 2129 2054 nequaquam
2182 1990 2223 2038 a
2280 1970 2471 2040 verbo
2516 1974 2787 2055 ,quaeso‘

576 2090 796 2168 aptum
836 2102 996 2165 esse,
1045 2084 1157 2157 sed
1201 2084 1466 2166 optativi
1507 2085 1610 2152 vel
1650 2086 1866 2152 iussivi
1905 2086 2041 2153 vice
2083 2084 2261 2167 fungi
2301 2090 2790 2152 consentaneum

580 2204 697 2266 est.
784 2199 940 2267 Cum
999 2199 1389 2268 coniunctivo
1452 2199 1647 2266 etiam
1712 2198 1940 2269 omisso
2011 2199 2204 2267 verbo
2274 2202 2545 2282 ,quaeso‘
2615 2199 2790 2268 locus

577 2321 789 2402 fuerit,
855 2325 1028 2386 certe
1072 2338 1180 2386 eos
1223 2320 1391 2389 locos
1435 2323 1504 2386 et
1559 2320 1729 2402 ipsos
1780 2319 1861 2386 ad
1914 2320 2247 2402 parataxin
2296 2317 2619 2402 pertinere
2660 2322 2789 2382 sta-

577 2435 813 2502 tuimus
833 2436 908 2520 ⁴).

741 2548 929 2616 Haud
968 2549 1060 2618 ita
1104 2550 1287 2617 valde
1348 2548 1562 2616 differt
1607 2549 1693 2616 ab
1732 2567 1851 2618 usu
1892 2546 2069 2616 verbi
2116 2552 2388 2633 ,quaeso‘
2432 2567 2584 2615 usus
2626 2547 2795 2614 vocis

578 2661 895 2748 ‚obsecro‘.
981 2664 1381 2748 Imperativis
1424 2664 1744 2731 adiectum
1790 2670 1891 2730 est
1934 2662 2230 2746 ,obsecro‘
2272 2664 2370 2730 his
2411 2664 2567 2730 locis
2608 2663 2702 2746 (et
2730 2661 2792 2727 id

580 2780 1067 2864 antepositum:

915 2893 1075 2959 Eun.
1121 2895 1262 2961 362.
1307 2891 1580 2958 Obsecro
1621 2891 1858 2974 hercle,
1901 2892 2229 2972 Parmeno,
2270 2891 2370 2958 fac
2412 2898 2485 2958 ut
2526 2890 2750 2976 potiar.

729 3166 784 3232 1)
825 3156 896 3219 (ff.
934 3161 1209 3220 Dziatzko
1255 3163 1327 3219 ad
1366 3161 1597 3233 Adelph.
1636 3163 1760 3220 275.

725 3265 782 3336 2)
822 3266 985 3335 Apud
1045 3264 1363 3322 Ciceronem
1423 3281 1697 3333 nusquam
1750 3265 2108 3322 accusativus
2162 3264 2381 3321 accedit
2442 3266 2515 3321 ad
2569 3264 2800 3322 verbum

584 3371 856 3437 ,quaeso‘3
921 3367 992 3423 cf.
1047 3368 1397 3439 Heerdegen,
1453 3368 1674 3424 Latein.
1733 3367 2126 3439 Semasiologie
2185 3370 2239 3423 3.
2296 3368 2436 3424 Heft
2488 3383 2621 3438 pag.
2657 3367 2836 3424 2152·

587 3510 619 3538 ,.
661 3510 673 3524 .
712 3469 996 3526 Wahrend
1032 3471 1171 3525 noch
1207 3469 1298 3525 bei
1336 3469 1548 3526 Terenz
1587 3469 1676 3525 die
1714 3467 2270 3540 Objektverbindung
2303 3470 2450 3533 ‚deos
2476 3485 2679 3538 quaeso
2716 3469 2797 3524 ut‘

592 3600 658 3614 -
698 3571 854 3627 nicht
892 3571 1178 3628 unbeliebt
1214 3572 1292 3627 ist
1329 3614 1343 3629 .
1381 3612 1394 3629 .
1433 3613 1444 3626 .
1484 3611 1516 3643 .,
1576 3572 1677 3628 hat
1714 3572 1901 3628 Cicero
1939 3571 2030 3629 bei
2087 3574 2322 3642 ,quaeso‘
2376 3571 2612 3643 nirgend
2648 3571 2802 3628 mehr

589 3674 753 3732 einen
790 3675 1107 3731 Akkusativ
1158 3675 1361 3747 irgend
1417 3675 1655 3746 wlelcher
1694 3677 1814 3731 Art.
1888 3675 2106 3742 Quaeso
2165 3675 2243 3730 ist
2298 3674 2413 3730 also
2468 3674 2557 3731 bei
2613 3674 2803 3729 Cicero

590 3778 868 3836 durchaus
906 3779 998 3835 ein
1034 3779 1344 3849 gealtertes
1379 3759 1574 3848 Wort{
1632 3779 1737 3833 wir
1776 3777 1963 3844 sehon,
2014 3779 2121 3834 wie
2159 3795 2217 3834 es
2255 3777 2344 3834 bei
2381 3777 2492 3833 ihm
2530 3778 2673 3834 auch
2710 3777 2802 3833 die

588 3883 765 3940 letzte
802 3881 974 3938 Kraft
1011 3882 1256 3953 vei-liert,
1297 3883 1458 3940 einen
1495 3882 1854 3954 abhangigen
1896 3883 2213 3940 Akkusativ
2250 3881 2364 3938 und
2402 3881 2564 3938 einen
2590 3880 2799 3938 abhan-

591 3985 763 4056 gigen
800 3985 934 4042 Satz
970 4001 1043 4042 zu
1077 3985 1372 4057 regieren.‘

735 4089 792 4157 3)
827 4089 1052 4146 Monere
1089 4089 1176 4144 hic
1212 4071 1401 4153 liceat.
1441 4089 1747 4145 Beckerum
1785 4088 1823 4145 1.
1861 4090 1898 4144 1.
1940 4106 1993 4159 p.
2033 4089 2139 4143 165
2164 4105 2276 4156 sqq.
2316 4087 2801 4155 demonstravisse,

565 4203 860 4247 ‘conexum
900 4191 1179 4247 enuntiati
1229 4190 1481 4260 primarii
1539 4197 1597 4248 et
1654 4190 1965 4247 secundarii
2021 4189 2283 4247 artiorem
2338 4189 2483 4246 effici
2520 4194 2805 4244 structura

595 4292 1032 4362 anticipationiS,
1095 4309 1204 4362 qua
1242 4293 1552 4349 subiectum
1603 4292 1884 4349 enuntiati
1934 4292 2246 4349 secundarii
2283 4292 2341 4347 in
2380 4291 2653 4347 obiectum
2690 4289 2803 4359 pri-

598 4396 760 4452 marii
796 4400 1064 4452 mutatur.
1105 4396 1204 4466 (cf.
1244 4412 1371 4467 pag.
1409 4397 1480 4451 36
1517 4412 1594 4464 sq.
1635 4402 1712 4466 ,te
1749 4396 2031 4462 obsecro‘.)

740 4497 796 4566 4)
837 4496 908 4553 cf.
948 4498 985 4554 J
987 4497 1115 4569 0115,
1165 4498 1272 4557 Ein
1309 4498 1540 4574 Kapitel
1575 4499 1755 4572 vergl.
1792 4498 2019 4569 Syntax.
2055 4514 2183 4576 pag.
2223 4499 2312 4553 62.
